Price,Make,Model,Year,Variant,BodyType,EngineSize,Transmission,FuelType,Mileage,Number of Doors,Location,DatePosted,DateNow,CruiseControl,LeatherUpholstery,PushStart,AirConditioning,EntertainmentSystem,Airbag:Driver,Airbag:FrontPassenger,Airbag:Side,Airbag:Curtain,Airbag:Knee,ABS,Immobilizer,SecurityAlarm
"P1,090,000",Changan,CS55 Plus,2023,1.5L 7DCT-HYPE,SUV,1.5,Automatic,Gasoline,"3,300 km",5,"Angeles City, Pampanga, Central Luzon",09/19/2024,2024-09-19 19:58:32.427703,Yes,Yes,Yes,Automatic Air-Conditioning with PM0.1 air filter and ion generator,12.3-inch infotainment system with six speakers,Yes,Yes,Yes,Yes,No,Yes,Yes,Yes
"P540,000",Mazda,3,2018,1.5 SkyActiv AT,Hatchback,1.5,Automatic,Gasoline,"30,000 km",5,"Block 1 lot 2 Dona Cristeta Subd. Pamplona Uno, Alabang Zapote Road, Las Pinas City",09/19/2024,2024-09-19 19:58:32.826280,No,No,No,Manual Air Conditioning,LCD Head Unit Audio System,Yes,Yes,No,No,No,No,Yes,Yes
"P830,000",Nissan,Navara,2019,El Calibre AT,Pickup Truck,2.5,Automatic,Diesel,"40,000 km",4,"Block 1 lot 2 Dona Cristeta Subd. Pamplona Uno, Alabang Zapote Road, Las Pinas City",09/19/2024,2024-09-19 19:58:33.372132,No,No,No,n/a,n/a,No,No,No,No,No,No,No,No
"P870,000",Isuzu,mu-X,2017,3.0 LS-A AT,SUV,3,Automatic,Diesel,"50,000 km",5,"Block 1 lot 2 Dona Cristeta Subd. Pamplona Uno, Alabang Zapote Road, Las Pinas City",07/15/2024,2024-09-19 19:58:33.809894,No,No,No,n/a,n/a,No,No,No,No,No,No,No,No
"P590,000",Honda,Mobilio,2017,V AT,AUV,1.5,Automatic,Gasoline,"40,000 km",5,"Block 1 lot 2 Dona Cristeta Subd. Pamplona Uno, Alabang Zapote Road, Las Pinas City",07/21/2024,2024-09-19 19:58:34.190293,No,No,No,powerful AC with manual controls,"2-DIN music system with CD, MP3, USB, iPod, AUX-in, Bluetooth and speakers",Yes,Yes,No,No,No,Yes,Yes,Yes
"P810,000",Hyundai,Tucson,2019,2.0 CRDi GL 4x2 AT,Crossover,2,Automatic,Diesel,"50,000 km",5,"Block 1 lot 2 Dona Cristeta Subd. Pamplona Uno, Alabang Zapote Road, Las Pinas City",07/21/2024,2024-09-19 19:58:34.582284,No,No,No,Manual Air-Conditioning,3.8-inch floating type audio display via 6 speakers,Yes,Yes,No,No,No,,Yes,Yes
"P270,000",Suzuki,APV,2008,GLX MT,MPV,1.6,Manual,Gasoline,"90,000 km",5,"Block 1 lot 2 Dona Cristeta Subd. Pamplona Uno, Alabang Zapote Road, Las Pinas City",07/26/2024,2024-09-19 19:58:34.899617,No,No,No,Manual Air-conditioning,Integrated AM/FM/CD/MP3/AUX/USB,No,No,No,No,No,Yes,Yes,Yes
"P930,000",Nissan,NV350 Urvan,2021,2.5L MT Diesel,Van,2.5,Manual,Diesel,"30,000 km",,"Block 1 lot 2 Dona Cristeta Subd. Pamplona Uno, Alabang Zapote Road, Las Pinas City",07/30/2024,2024-09-19 19:58:35.227393,No,No,No,n/a,n/a,No,No,No,No,No,No,No,No
"P790,000",Kia,Sportage,2018,CRDi,Crossover,2,Automatic,Diesel,"50,000 km",5,"Block 1 lot 2 Dona Cristeta Subd. Pamplona Uno, Alabang Zapote Road, Las Pinas City",07/30/2024,2024-09-19 19:58:36.708730,No,No,No,n/a,n/a,No,No,No,No,No,No,No,No
"P690,000",Ford,Everest,2016,Ambiente (4X2) AT,SUV,2.2,Automatic,Diesel,"70,000 km",5,"Block 1 lot 2 Dona Cristeta Subd. Pamplona Uno, Alabang Zapote Road, Las Pinas City",07/31/2024,2024-09-19 19:58:37.089512,No,No,No,Manual Air Con,In Dash CD/AM/FM Audio System,Yes,Yes,No,No,No,Yes,Yes,Yes
"P630,000",Ford,Explorer,2013,3.5L 4WD AT,SUV,3.5,Automatic,Gasoline,"80,000 km",,"Block 1 lot 2 Dona Cristeta Subd. Pamplona Uno, Alabang Zapote Road, Las Pinas City",08/02/2024,2024-09-19 19:58:37.450703,No,No,No,n/a,n/a,No,No,No,No,No,No,No,No
"P655,000",Ford,EcoSport,2020,Titanium Ecoboost AT,SUV,,Automatic,Gasoline,"40,000 km",,"Block 1 lot 2 Dona Cristeta Subd. Pamplona Uno, Alabang Zapote Road, Las Pinas City",08/05/2024,2024-09-19 19:58:38.057915,No,No,No,n/a,n/a,No,No,No,No,No,No,No,No
"P660,000",Honda,BR-V,2019,1.5 V CVT,Crossover,1.5,CVT,Gasoline,"40,000 km",5,"Block 1 lot 2 Dona Cristeta Subd. Pamplona Uno, Alabang Zapote Road, Las Pinas City",09/19/2024,2024-09-19 19:58:38.463565,No,Yes,Yes,Automatic Climate Control with Rear Independent Controls,"7-inch Touchscreen Display Audio with, Apple CarPlay/Android Auto, Bluetooth, and USB via 4 speakers",Yes,Yes,No,No,No,,Yes,Yes
"P395,000",Suzuki,Swift,2017,1.2L AT Gasoline,Hatchback,1.2,Automatic,Gasoline,"50,000 km",5,"Block 1 lot 2 Dona Cristeta Subd. Pamplona Uno, Alabang Zapote Road, Las Pinas City",09/19/2024,2024-09-19 19:58:38.750938,No,No,No,Manual Air Con,In Dash AM/FM/CD Audio System,Yes,Yes,No,No,No,No,No,No
"P525,000",Toyota,Avanza,2018,1.3 E AT,MPV,1.3,Automatic,Gasoline,"50,000 km",5,"Block 1 lot 2 Dona Cristeta Subd. Pamplona Uno, Alabang Zapote Road, Las Pinas City",09/19/2024,2024-09-19 19:58:39.108966,No,No,No,Dual Manual Air Conditioning,4-speaker head unit,Yes,Yes,No,No,No,,No,No
"P420,000",Mitsubishi,Mirage G4,2020,AT,Sedan,1.2,Automatic,Gasoline,"30,000 km",4,"Block 1 lot 2 Dona Cristeta Subd. Pamplona Uno, Alabang Zapote Road, Las Pinas City",09/19/2024,2024-09-19 19:58:39.412548,No,No,No,n/a,n/a,No,No,No,No,No,No,No,No
"P590,000",Ford,EcoSport,2019,1.5 Trend AT,Crossover,1.5,Automatic,Gasoline,"4,000 km",5,"Block 1 lot 2 Dona Cristeta Subd. Pamplona Uno, Alabang Zapote Road, Las Pinas City",08/05/2024,2024-09-19 19:58:39.730811,No,No,No,Manual Temperature Control,9-inch Colored Touchscreen via 4 speakers,Yes,Yes,Yes,No,No,,Yes,No
"P930,000",Mitsubishi,Montero Sport,2018,GLS AT,SUV,2.5,Automatic,Diesel,"50,000 km",5,"Block 1 lot 2 Dona Cristeta Subd. Pamplona Uno, Alabang Zapote Road, Las Pinas City",08/05/2024,2024-09-19 19:58:40.023881,No,No,No,Automatic Airconditioning,NAVI-Ready Display Audio AM/FM/MP3,Yes,Yes,No,No,No,No,No,No
"P430,000",Hyundai,Elantra,2017,1.6L GL AT,Sedan,1.6,Automatic,Gasoline,"60,000 km",4,"Block 1 lot 2 Dona Cristeta Subd. Pamplona Uno, Alabang Zapote Road, Las Pinas City",08/08/2024,2024-09-19 19:58:40.334775,No,No,No,Manual Air-conditioning,AM/FM/CD/USB/Aux,Yes,Yes,No,No,No,Yes,Yes,No
"P550,000",Toyota,Vios,2019,1.3L E AT GASOLINE,Sedan,1.3,Automatic,Gasoline,"20,000 km",4,"Block 1 lot 2 Dona Cristeta Subd. Pamplona Uno, Alabang Zapote Road, Las Pinas City",08/19/2024,2024-09-19 19:58:40.738200,No,No,No,n/a,n/a,Yes,Yes,No,No,No,No,No,No
"P380,000",Toyota,Vios,2014,1.3 E AT,Sedan,1.3,Automatic,Gasoline,"80,000 km",4,"Block 1 lot 2 Dona Cristeta Subd. Pamplona Uno, Alabang Zapote Road, Las Pinas City",08/19/2024,2024-09-19 19:58:41.189569,No,No,No,n/a,n/a,No,No,No,No,No,No,No,No
"P335,000",Hyundai,Elantra,2013,1.6 GL AT,Sedan,1.6,Autoamtic,Gasoline,"80,000 km",4,"Block 1 lot 2 Dona Cristeta Subd. Pamplona Uno, Alabang Zapote Road, Las Pinas City",09/18/2024,2024-09-19 19:58:41.561344,No,No,No,Manual Air-Conditioning,Integrated AM/FM/CD/MP3/AUX/USB,Yes,No,No,No,No,No,No,No
"P930,000",Mitsubishi,Xpander,2022,Cross 1.5 AT,MPV,1.5,Automatic,Gasoline,"20,000 km",5,"Block 1 lot 2 Dona Cristeta Subd. Pamplona Uno, Alabang Zapote Road, Las Pinas City",09/18/2024,2024-09-19 19:58:42.054209,Yes,Yes,Yes,Automatic Climate Control,7-inch touchscreen infotainment system,Yes,Yes,No,No,No,,Yes,Yes
"P620,000",Mazda,CX-3,2017,2.0 AWD AT,Crossover,,Automatic,Gasoline,"60,000 km",5,"Block 1 lot 2 Dona Cristeta Subd. Pamplona Uno, Alabang Zapote Road, Las Pinas City",08/17/2024,2024-09-19 19:58:42.421383,No,No,No,n/a,n/a,No,No,No,No,No,No,No,No
"P510,000",Chevrolet,Trailblazer,2014,2.8L AT Diesel,SUV,2.8,Automatic,Diesel,"70,000 km",5,"Block 1 lot 2 Dona Cristeta Subd. Pamplona Uno, Alabang Zapote Road, Las Pinas City",09/16/2024,2024-09-19 19:58:42.737476,No,No,No,Manual Air Conditioning,In Dash CD/AM/FM Audio System,Yes,Yes,No,No,No,No,No,No
"P695,000",Hyundai,H-100,2020,Shuttle Body (FB) Dual AC M/T,Commercial Vehicle,2.5,Manual,Diesel,"46,441 km",3,"Malolos City, Bulacan, Central Luzon",06/25/2024,2024-09-19 19:58:43.039157,No,No,No,Manual Air Conditioner,FM/AM/Radio,No,No,No,No,No,No,No,No
"P860,000",Ford,Territory,2021,1.5 Titanium AT,SUV,1.5,Automatic,Gasoline,"20,000 km",5,"Block 1 lot 2 Dona Cristeta Subd. Pamplona Uno, Alabang Zapote Road, Las Pinas City",09/16/2024,2024-09-19 19:58:43.331631,No,No,No,n/a,n/a,No,No,No,No,No,No,No,No
"P495,000",Honda,Mobilio,2015,V A/T,MPV,1.5,Automatic,Gasoline,"50,000 km",5,"Block 1 lot 2 Dona Cristeta Subd. Pamplona Uno, Alabang Zapote Road, Las Pinas City",09/16/2024,2024-09-19 19:58:43.622380,No,No,No,Dual Manual Aircon,n/a,Yes,Yes,No,No,No,,Yes,Yes
"P630,000",Honda,BR-V,2018,1.5 S CVT,Crossover,1.5,CVT,Gasoline,"50,000 km",5,"Block 1 lot 2 Dona Cristeta Subd. Pamplona Uno, Alabang Zapote Road, Las Pinas City",09/16/2024,2024-09-19 19:58:43.920013,No,No,No,Automatic Climate Control,7-inch Touchscreen Display,Yes,Yes,No,No,No,,Yes,Yes
"P840,000",Toyota,Avanza,2022,1.3 E AT,MPV,1.3,Automatic,Gasoline,"30,000 km",5,"Block 1 lot 2 Dona Cristeta Subd. Pamplona Uno, Alabang Zapote Road, Las Pinas City",09/16/2024,2024-09-19 19:58:44.215088,No,No,No,Digital Control Air Conditioning,Audio Display,Yes,Yes,No,No,No,,Yes,Yes
"P940,000",Toyota,Fortuner,2017,G 2.7L AT Gasoline,SUV,2.7,Automatic,Gasoline,"60,000 km",,"Block 1 lot 2 Dona Cristeta Subd. Pamplona Uno, Alabang Zapote Road, Las Pinas City",09/16/2024,2024-09-19 19:58:44.520529,No,No,No,n/a,n/a,No,No,No,No,No,No,No,No
"P540,000",Honda,City,2018,E AT,Sedan,1.5,Automatic,Gasoline,"40,000 km",4,"Block 1 lot 2 Dona Cristeta Subd. Pamplona Uno, Alabang Zapote Road, Las Pinas City",08/20/2024,2024-09-19 19:58:44.781744,No,No,No,n/a,n/a,No,No,No,No,No,No,No,No
"P570,000",Ford,EcoSport,2019,Titanium 1.0 AT,Crossover,1,Automatic,Gasoline,"30,000 km",5,"Block 1 lot 2 Dona Cristeta Subd. Pamplona Uno, Alabang Zapote Road, Las Pinas City",08/21/2024,2024-09-19 19:58:45.120098,Yes,No,Yes,Automatic Climate Control,"8-inch touchscreen with SYNC 3,Apple CarPlay Android Auto",Yes,Yes,Yes,No,No,,No,No
"P688,000",Toyota,Vios,2023,XLE 1.3 CVT,Sedan,1.3,CVT,Gasoline,"11,000 km",4,"Aguinaldo Highway Bayan Luna IV Imus, Cavite",07/25/2024,2024-09-19 19:58:45.448640,No,No,No,"Manual Cooler, Dial Type Control",6.75in Display Audio via 4-speakers,Yes,Yes,No,No,Yes,,No,Yes
"P630,000",Mitsubishi,Strada,2015,GLX  MT,Pickup Truck,2.5,Manual,Diesel,"70,000 km",4,"Block 1 lot 2 Dona Cristeta Subd. Pamplona Uno, Alabang Zapote Road, Las Pinas City",09/15/2024,2024-09-19 19:58:45.815589,No,No,No,Manual Air Conditioning,In Dash AM/FM/CD Audio System,Yes,Yes,No,No,No,No,No,No
"P1,120,000",Suzuki,Jimny,2020,1.5L AT Gasoline,Wagon,1.5,Automatic,Gasoline,"40,000 km",,"Block 1 lot 2 Dona Cristeta Subd. Pamplona Uno, Alabang Zapote Road, Las Pinas City",09/15/2024,2024-09-19 19:58:46.209750,No,No,No,n/a,n/a,No,No,No,No,No,No,No,No
"P490,000",Toyota,Vios,2019,1.3L E AT GASOLINE,Sedan,1.3,Automatic,Gasoline,"50,000 km",4,"Block 1 lot 2 Dona Cristeta Subd. Pamplona Uno, Alabang Zapote Road, Las Pinas City",09/15/2024,2024-09-19 19:58:46.619496,No,No,No,n/a,n/a,Yes,Yes,No,No,No,No,No,No
"P670,000",Mazda,CX-5,2016,AT,SUV,,Automatic,Diesel,"70,000 km",5,"Block 1 lot 2 Dona Cristeta Subd. Pamplona Uno, Alabang Zapote Road, Las Pinas City",09/15/2024,2024-09-19 19:58:46.969281,No,No,No,n/a,n/a,No,No,No,No,No,No,No,No
"P630,000",Honda,BR-V,2017,1.5 S CVT,Crossover,1.5,CVT,Gasoline,"70,000 km",5,"Block 1 lot 2 Dona Cristeta Subd. Pamplona Uno, Alabang Zapote Road, Las Pinas City",08/22/2024,2024-09-19 19:58:47.296293,No,No,No,Manual Air-Conditioning with Rear Independent Controls,7-inch Touch Screen Display Audio,Yes,Yes,No,No,No,,Yes,Yes
"P430,000",Suzuki,Ertiga,2015,GLX AT,MPV,1.4,Automatic,Gasoline,"70,000 km",5,"Block 1 lot 2 Dona Cristeta Subd. Pamplona Uno, Alabang Zapote Road, Las Pinas City",08/22/2024,2024-09-19 19:58:47.834924,No,No,No,n/a,n/a,No,No,No,No,No,No,No,No
"P760,000",Honda,HR-V,2019,1.8L AT Gasoline,SUV,1.8,Automatic,Gasoline,"40,000 km",,"Block 1 lot 2 Dona Cristeta Subd. Pamplona Uno, Alabang Zapote Road, Las Pinas City",08/22/2024,2024-09-19 19:58:48.238857,No,No,No,n/a,n/a,No,No,No,No,No,No,No,No
"P520,000",Nissan,Juke,2017,AT Gasoline,Crossover,1.6,Automatic,Gasoline,"60,000 km",5,"Block 1 lot 2 Dona Cristeta Subd. Pamplona Uno, Alabang Zapote Road, Las Pinas City",08/23/2024,2024-09-19 19:58:48.563019,No,No,No,n/a,n/a,No,No,No,No,No,No,No,No
"P435,000",Toyota,Wigo,2019,1.0 G AT,Hatchback,1.0,Automatic,Gasoline,"40,000 km",5,"Block 1 lot 2 Dona Cristeta Subd. Pamplona Uno, Alabang Zapote Road, Las Pinas City",08/23/2024,2024-09-19 19:58:48.894866,No,No,No,Manual,Navi MP3 Am/Fm,Yes,Yes,No,No,No,No,No,No
"P380,000",Hyundai,Reina,2019,1.4 GL AT,Sedan,1.4,Automatic,Gasoline,"40,000 km",4,"Block 1 lot 2 Dona Cristeta Subd. Pamplona Uno, Alabang Zapote Road, Las Pinas City",08/23/2024,2024-09-19 19:58:49.151090,No,No,No,Manual Air-Conditioning,1-DIN AM/FM Radio,Yes,Yes,No,No,No,,No,No
"P720,000",Honda,Civic,2016,1.8E CVT,Sedan,1.8,CVT,Gasoline,"60,000 km",4,"Block 1 lot 2 Dona Cristeta Subd. Pamplona Uno, Alabang Zapote Road, Las Pinas City",08/24/2024,2024-09-19 19:58:49.951726,No,No,No,n/a,n/a,Yes,Yes,No,No,No,No,No,No
"P630,000",Mitsubishi,Xpander,2019,GLX Plus AT,MPV,1.5,Automatic,Gasoline,"40,000 km",5,"Block 1 lot 2 Dona Cristeta Subd. Pamplona Uno, Alabang Zapote Road, Las Pinas City",09/15/2024,2024-09-19 19:58:50.265745,Yes,No,No,Manual Air-Conditioning with rear vents,7-inch touchscreen headunit with 4 speakers and GPS Navigation,Yes,Yes,No,No,No,,Yes,No
"P630,000",Honda,BR-V,2017,1.5 S CVT,Crossover,1.5,CVT,Gasoline,"70,000 km",5,"Block 1 lot 2 Dona Cristeta Subd. Pamplona Uno, Alabang Zapote Road, Las Pinas City",08/22/2024,2024-09-19 19:58:50.936146,No,No,No,Manual Air-Conditioning with Rear Independent Controls,7-inch Touch Screen Display Audio,Yes,Yes,No,No,No,,Yes,Yes
"P430,000",Suzuki,Ertiga,2015,GLX AT,MPV,1.4,Automatic,Gasoline,"70,000 km",5,"Block 1 lot 2 Dona Cristeta Subd. Pamplona Uno, Alabang Zapote Road, Las Pinas City",08/22/2024,2024-09-19 19:58:51.335613,No,No,No,n/a,n/a,No,No,No,No,No,No,No,No
"P760,000",Honda,HR-V,2019,1.8L AT Gasoline,SUV,1.8,Automatic,Gasoline,"40,000 km",,"Block 1 lot 2 Dona Cristeta Subd. Pamplona Uno, Alabang Zapote Road, Las Pinas City",08/22/2024,2024-09-19 19:58:51.764296,No,No,No,n/a,n/a,No,No,No,No,No,No,No,No
"P520,000",Nissan,Juke,2017,AT Gasoline,Crossover,1.6,Automatic,Gasoline,"60,000 km",5,"Block 1 lot 2 Dona Cristeta Subd. Pamplona Uno, Alabang Zapote Road, Las Pinas City",08/23/2024,2024-09-19 19:58:52.098334,No,No,No,n/a,n/a,No,No,No,No,No,No,No,No
"P435,000",Toyota,Wigo,2019,1.0 G AT,Hatchback,1.0,Automatic,Gasoline,"40,000 km",5,"Block 1 lot 2 Dona Cristeta Subd. Pamplona Uno, Alabang Zapote Road, Las Pinas City",08/23/2024,2024-09-19 19:58:52.595716,No,No,No,Manual,Navi MP3 Am/Fm,Yes,Yes,No,No,No,No,No,No
"P380,000",Hyundai,Reina,2019,1.4 GL AT,Sedan,1.4,Automatic,Gasoline,"40,000 km",4,"Block 1 lot 2 Dona Cristeta Subd. Pamplona Uno, Alabang Zapote Road, Las Pinas City",08/23/2024,2024-09-19 19:58:53.949433,No,No,No,Manual Air-Conditioning,1-DIN AM/FM Radio,Yes,Yes,No,No,No,,No,No
"P720,000",Honda,Civic,2016,1.8E CVT,Sedan,1.8,CVT,Gasoline,"60,000 km",4,"Block 1 lot 2 Dona Cristeta Subd. Pamplona Uno, Alabang Zapote Road, Las Pinas City",08/24/2024,2024-09-19 19:58:54.246483,No,No,No,n/a,n/a,Yes,Yes,No,No,No,No,No,No
"P630,000",Mitsubishi,Xpander,2019,GLX Plus AT,MPV,1.5,Automatic,Gasoline,"40,000 km",5,"Block 1 lot 2 Dona Cristeta Subd. Pamplona Uno, Alabang Zapote Road, Las Pinas City",09/15/2024,2024-09-19 19:58:54.551391,Yes,No,No,Manual Air-Conditioning with rear vents,7-inch touchscreen headunit with 4 speakers and GPS Navigation,Yes,Yes,No,No,No,,Yes,No
"P640,000",Honda,BR-V,2017,1.5 V AT,Crossover,1.5,Automatic,Gasoline,"40,000 km",5,"Block 1 lot 2 Dona Cristeta Subd. Pamplona Uno, Alabang Zapote Road, Las Pinas City",08/15/2024,2024-09-19 19:58:55.502789,No,Yes,Yes,Automatic Climate Control,n/a,Yes,Yes,No,No,No,,Yes,Yes
"P630,000",Suzuki,Ertiga,2020,1.5 GL AT,MPV,1.5,Automatic,Gasoline,"40,000 km",5,"Block 1 lot 2 Dona Cristeta Subd. Pamplona Uno, Alabang Zapote Road, Las Pinas City",08/15/2024,2024-09-19 19:58:55.868420,No,No,No,Manual Air Conditioning,n/a,Yes,Yes,No,No,No,,Yes,Yes
"P570,000",Honda,Accord,2014,2.4 S AT,Sedan,2.4,Automatic,Gasoline,"30,000 km",4,"Block 1 lot 2 Dona Cristeta Subd. Pamplona Uno, Alabang Zapote Road, Las Pinas City",09/14/2024,2024-09-19 19:58:56.272090,No,Yes,Yes,Dual Zone Full Automatic Air Conditioning,"8” Touchscreen with Bluetooth, USB, AUX-In and 6 Speakers",Yes,Yes,Yes,No,No,,Yes,Yes
"P645,000",Suzuki,Ertiga,2020,1.5 GL AT,MPV,1.5,Automatic,Gasoline,"30,000 km",5,"Block 1 lot 2 Dona Cristeta Subd. Pamplona Uno, Alabang Zapote Road, Las Pinas City",09/14/2024,2024-09-19 19:58:56.649962,No,No,No,Manual Air Conditioning,n/a,Yes,Yes,No,No,No,,Yes,Yes
"P450,000",Suzuki,Ertiga,2018,GA M/T,MPV,1.4,Manual,Gasoline,"50,000 km",5,"Block 1 lot 2 Dona Cristeta Subd. Pamplona Uno, Alabang Zapote Road, Las Pinas City",09/14/2024,2024-09-19 19:58:57.469880,No,No,No,n/a,n/a,Yes,Yes,No,No,Yes,Yes,Yes,No
"P465,000",Toyota,Wigo,2021,1.0 G AT,Hatchback,1,Automatic,Gasoline,"40,000 km",,"Block 1 lot 2 Dona Cristeta Subd. Pamplona Uno, Alabang Zapote Road, Las Pinas City",08/24/2024,2024-09-19 19:58:57.790749,No,No,No,n/a,n/a,No,No,No,No,No,No,No,No
"P480,000",Nissan,Juke,2016,1.6 CVT,SUV,,CVT,Gasoline,"60,000 km",,"Block 1 lot 2 Dona Cristeta Subd. Pamplona Uno, Alabang Zapote Road, Las Pinas City",08/24/2024,2024-09-19 19:58:58.074408,No,No,No,n/a,n/a,No,No,No,No,No,No,No,No
"P470,000",Nissan,Juke,2016,1.6 CVT,SUV,,CVT,Gasoline,"60,000 km",,"Block 1 lot 2 Dona Cristeta Subd. Pamplona Uno, Alabang Zapote Road, Las Pinas City",08/24/2024,2024-09-19 19:58:58.428777,No,No,No,n/a,n/a,No,No,No,No,No,No,No,No
"P620,000",Mitsubishi,Mirage G4,2024,1.2L AT Gasoline,Sedan,1.2,Automatic,Gasoline,700 km,,"Block 1 lot 2 Dona Cristeta Subd. Pamplona Uno, Alabang Zapote Road, Las Pinas City",08/25/2024,2024-09-19 19:58:58.720411,No,No,No,n/a,n/a,No,No,No,No,No,No,No,No
"P485,000",Suzuki,Ertiga,2018,GL MT,MPV,1.4,Manual,Gasoline,"40,000 km",5,"Block 1 lot 2 Dona Cristeta Subd. Pamplona Uno, Alabang Zapote Road, Las Pinas City",08/25/2024,2024-09-19 19:58:59.020802,No,No,No,Manual Airconditioning,NAVI-Ready Display Audio AM/FM/CD/MP3/USB/Aux,Yes,Yes,No,No,No,No,No,No
"P845,000",Ford,Everest,2018,2.2 Trend AT,SUV,2.2,Automatic,Diesel,"40,000 km",5,"Block 1 lot 2 Dona Cristeta Subd. Pamplona Uno, Alabang Zapote Road, Las Pinas City",08/26/2024,2024-09-19 19:59:00.350697,Yes,Yes,No,Dual Zone Automatic Temperature Control (DEATC),"Ford SYNC 3 8-inch LCD AM/FM Radio, USB, iPod, CD, MP3, Aux-in via 10 speakers",Yes,Yes,Yes,Yes,No,Yes,Yes,Yes
"P390,000",Nissan,Teana,2014,250X V6 AT,Sedan,2.5,Automatic,Gasoline,"50,000 km",4,"Block 1 lot 2 Dona Cristeta Subd. Pamplona Uno, Alabang Zapote Road, Las Pinas City",08/26/2024,2024-09-19 19:59:00.719564,No,No,No,Automatic Cimate Control,Integrated AM/FM/CD/AUX/USB,Yes,Yes,No,No,No,No,Yes,Yes
"P720,000",Honda,Accord,2017,2.4L AT Gasoline,Sedan,2.4,Automatic,Gasoline,"50,000 km",,"Block 1 lot 2 Dona Cristeta Subd. Pamplona Uno, Alabang Zapote Road, Las Pinas City",08/27/2024,2024-09-19 19:59:01.100056,No,No,No,n/a,n/a,No,No,No,No,No,No,No,No
"P620,000",MG,RX5,2019,1.5 Style AT,Crossover,1.5,Automatic,Gasoline,"53,000 km",5,"Lipa City, Batangas, CALABARZON",09/13/2024,2024-09-19 19:59:01.531623,Yes,Yes,Yes,Electronic Temperature Control,"8-inch touchscreen with CD, MP3, and Apple CarPlay compatibility via 6 speakers",Yes,Yes,No,No,No,,Yes,Yes
"P290,000",Mitsubishi,Adventure,2008,GLS Sport Diesel MT,AUV,2.5,Manual,Diesel,"120,000 km",5,"Block 1 lot 2 Dona Cristeta Subd. Pamplona Uno, Alabang Zapote Road, Las Pinas City",09/13/2024,2024-09-19 19:59:01.920895,No,No,No,Manual Air-Conditioning,Integrated AM/FM/CD/MP3,No,No,No,No,No,No,Yes,Yes
"P290,000",Mitsubishi,Adventure,2008,GLS Sport Diesel MT,AUV,2.5,Manual,Diesel,"120,000 km",5,"Block 1 lot 2 Dona Cristeta Subd. Pamplona Uno, Alabang Zapote Road, Las Pinas City",09/13/2024,2024-09-19 19:59:02.218582,No,No,No,Manual Air-Conditioning,Integrated AM/FM/CD/MP3,No,No,No,No,No,No,Yes,Yes
"P525,000",Suzuki,Ertiga,2020,GL MT,MPV,1.4,Manual,Gasoline,"30,000 km",5,"Block 1 lot 2 Dona Cristeta Subd. Pamplona Uno, Alabang Zapote Road, Las Pinas City",09/13/2024,2024-09-19 19:59:02.517185,No,No,No,n/a,n/a,No,No,No,No,No,No,No,No
"P640,000",Toyota,Avanza,2020,G 1.5 A/T,MPV,1.5,Automatic,Gasoline,"30,000 km",5,"Block 1 lot 2 Dona Cristeta Subd. Pamplona Uno, Alabang Zapote Road, Las Pinas City",09/13/2024,2024-09-19 19:59:02.904617,No,No,No,Manual Air Conditioning,n/a,Yes,Yes,No,No,No,,Yes,Yes
"P680,000",Suzuki,Vitara,2019,GLX AT,Crossover,1.6,Automatic,Gasoline,"30,000 km",5,"Block 1 lot 2 Dona Cristeta Subd. Pamplona Uno, Alabang Zapote Road, Las Pinas City",08/28/2024,2024-09-19 19:59:03.206357,No,No,No,n/a,n/a,No,No,No,No,No,No,No,No
"P560,000",Honda,City,2019,E AT,Sedan,,Automatic,Gasoline,"40,000 km",4,"Block 1 lot 2 Dona Cristeta Subd. Pamplona Uno, Alabang Zapote Road, Las Pinas City",08/28/2024,2024-09-19 19:59:03.505412,No,No,No,n/a,n/a,No,No,No,No,No,No,No,No
"P395,000",Suzuki,Celerio,2020,AT,Hatchback,1,CVT,Gasoline,"40,000 km",,"Block 1 lot 2 Dona Cristeta Subd. Pamplona Uno, Alabang Zapote Road, Las Pinas City",08/29/2024,2024-09-19 19:59:03.813749,No,No,No,n/a,n/a,No,No,No,No,No,No,No,No
"P760,000",Toyota,Innova,2018,2.8 E Diesel AT,MPV,2.8,Automatic,Diesel,"40,000 km",5,"Block 1 lot 2 Dona Cristeta Subd. Pamplona Uno, Alabang Zapote Road, Las Pinas City",08/29/2024,2024-09-19 19:59:04.061305,No,No,No,Manual Air Conditioning,2-DIN CD/Tuner/MP3 through 6 Speakers,Yes,Yes,No,No,Yes,,No,No
"P680,000",Toyota,Vios,2024,XLE 1.3L CVT Gasoline,Sedan,1.3,CVT,Gasoline,"4,000 km",,"Block 1 lot 2 Dona Cristeta Subd. Pamplona Uno, Alabang Zapote Road, Las Pinas City",08/29/2024,2024-09-19 19:59:04.312594,No,No,No,n/a,n/a,No,No,No,No,No,No,No,No
"P590,000",Suzuki,Ertiga,2019,GL AT,MPV,1.5,Automatic,Gasoline,"40,000 km",5,"Block 1 lot 2 Dona Cristeta Subd. Pamplona Uno, Alabang Zapote Road, Las Pinas City",08/30/2024,2024-09-19 19:59:04.611156,No,No,No,Dual Manual Air-conditioning,"4 speaker, 8 inch Touchscreen",Yes,Yes,No,No,No,,Yes,Yes
"P520,000",Toyota,Vios,2018,1.3L AT Gasoline,Sedan,1.3,Automatic,Gasoline,"40,000 km",,"Block 1 lot 2 Dona Cristeta Subd. Pamplona Uno, Alabang Zapote Road, Las Pinas City",08/30/2024,2024-09-19 19:59:04.941127,No,No,No,n/a,n/a,No,No,No,No,No,No,No,No
"P635,000",Toyota,Corolla Altis,2018,G 1.6L AT Gasoline,Sedan,1.6,Automatic,Gasoline,"30,000 km",,"Block 1 lot 2 Dona Cristeta Subd. Pamplona Uno, Alabang Zapote Road, Las Pinas City",08/30/2024,2024-09-19 19:59:05.265383,No,No,No,n/a,n/a,No,No,No,No,No,No,No,No
"P638,000",Toyota,Wigo,2023,1.0 G CVT,Hatchback,1,CVT,Gasoline,"6,000 km",5,"Aguinaldo Highway Bayan Luna IV Imus, Cavite",09/11/2024,2024-09-19 19:59:05.657501,No,No,Yes,Automatic Climate Control,8-inch Display Audio,Yes,Yes,No,No,No,,Yes,Yes
"P520,000",Toyota,Camry,2013,2.5GAT,Sedan,2.5,Automatic,Gasoline,"60,000 km",4,"Block 1 lot 2 Dona Cristeta Subd. Pamplona Uno, Alabang Zapote Road, Las Pinas City",08/13/2024,2024-09-19 19:59:06.103558,No,No,No,Automatic Climate Control,Integrated AM/FM/CD/MP3/AUX/USB,Yes,Yes,No,No,No,,Yes,Yes
"P760,000",Honda,Civic,2017,1.8 E AT,Sedan,1.8,Automatic,Gasoline,"50,000 km",4,"Block 1 lot 2 Dona Cristeta Subd. Pamplona Uno, Alabang Zapote Road, Las Pinas City",08/13/2024,2024-09-19 19:59:06.455950,No,No,No,n/a,n/a,No,No,No,No,No,No,No,No
"P990,000",Ford,Everest,2017,Titanium 4x4 A/T,SUV,3.2,Automatic,Diesel,"60,000 km",5,"Block 1 lot 2 Dona Cristeta Subd. Pamplona Uno, Alabang Zapote Road, Las Pinas City",08/13/2024,2024-09-19 19:59:06.804811,Yes,Yes,No,dual-zone automatic climate control,"SYNC 3 ,AM/FM radio, CD, MP3, Aux and USB, it also comes with Apple CarPlay, Android Auto",Yes,Yes,Yes,Yes,No,No,Yes,Yes
"P520,000",Honda,Mobilio,2016,V 1.5 AT Gasoline,MPV,1.5,Automatic,Gasoline,"40,000 km",,"Block 1 lot 2 Dona Cristeta Subd. Pamplona Uno, Alabang Zapote Road, Las Pinas City",08/13/2024,2024-09-19 19:59:07.158176,No,No,No,n/a,n/a,No,No,No,No,No,No,No,No
"P380,000",Suzuki,S-Presso,2021,1.0 MT,Hatchback,1,Manual,Gasoline,"30,000 km",5,"Block 1 lot 2 Dona Cristeta Subd. Pamplona Uno, Alabang Zapote Road, Las Pinas City",08/13/2024,2024-09-19 19:59:07.489929,No,No,No,n/a,n/a,No,No,No,No,No,No,No,No
"P1,070,000",Nissan,Navara,2022,2.5L AT Diesel,Pickup Truck,2.5,Automatic,Diesel,"20,000 km",,"Block 1 lot 2 Dona Cristeta Subd. Pamplona Uno, Alabang Zapote Road, Las Pinas City",08/13/2024,2024-09-19 19:59:07.779208,No,No,No,n/a,n/a,No,No,No,No,No,No,No,No
"P575,000",Hyundai,Tucson,2017,GL 2.0L AT Gasoline,Crossover,2.0,Automatic,Gasoline,"50,000 km",5,"Block 1 lot 2 Dona Cristeta Subd. Pamplona Uno, Alabang Zapote Road, Las Pinas City",09/12/2024,2024-09-19 19:59:08.067380,No,No,No,Manual Air-conditioning,In Dash AM/FM/CD Audio System,Yes,Yes,No,No,No,No,No,No
"P520,000",Suzuki,Ertiga,2020,GA MT,MPV,,Manual,Gasoline,"40,000 km",,"Block 1 lot 2 Dona Cristeta Subd. Pamplona Uno, Alabang Zapote Road, Las Pinas City",09/12/2024,2024-09-19 19:59:08.341149,No,No,No,n/a,n/a,No,No,No,No,No,No,No,No
"P640,000",Honda,HR-V,2017,1.8 EL,Crossover,1.8,CVT,Gasoline,"12,000 km",5,"Block 1 lot 2 Dona Cristeta Subd. Pamplona Uno, Alabang Zapote Road, Las Pinas City",08/31/2024,2024-09-19 19:59:08.638505,No,No,No,Manual Air Conditioning,In Dash AM/FM/CD Audio System,Yes,Yes,No,No,No,Yes,Yes,Yes
"P515,000",Nissan,Juke,2017,Nstyle 1.6  A/T,Crossover,1.6,Automatic,Gasoline,"50,000 km",5,"Block 1 lot 2 Dona Cristeta Subd. Pamplona Uno, Alabang Zapote Road, Las Pinas City",08/31/2024,2024-09-19 19:59:08.968573,Yes,No,Yes,Automatic air-con,2 DIN Display Audio with Bluetooth connectivity,Yes,Yes,Yes,No,No,Yes,Yes,Yes
"P555,000",Mitsubishi,Mirage G4,2023,GLX 1.2 AT,Sedan,1.2,Automatic,Gasoline,"16,000 km",,"Block 1 lot 2 Dona Cristeta Subd. Pamplona Uno, Alabang Zapote Road, Las Pinas City",09/01/2024,2024-09-19 19:59:09.307639,No,No,No,Manual Air-Conditioning,7-inch infotainment system,Yes,Yes,No,No,No,No,Yes,No
"P595,000",Honda,Mobilio,2017,RS AT,MPV,,Automatic,Gasoline,"40,000 km",,"Block 1 lot 2 Dona Cristeta Subd. Pamplona Uno, Alabang Zapote Road, Las Pinas City",09/01/2024,2024-09-19 19:59:09.616169,No,No,No,n/a,n/a,No,No,No,No,No,No,No,No
"P555,000",Toyota,Vios,2021,1.3 XLE CVT,Sedan,1.3,CVT,Gasoline,"70,000 km",4,"Block 1 lot 2 Dona Cristeta Subd. Pamplona Uno, Alabang Zapote Road, Las Pinas City",09/01/2024,2024-09-19 19:59:09.901744,No,No,No,"Manual Cooler, Dial Type Control",8in Display Audio via 4-speakers,Yes,Yes,No,No,Yes,,No,Yes
"P355,000",Hyundai,Accent,2016,GL AT,Sedan,1.4,Automatic,Gasoline,"60,000 km",4,"Block 1 lot 2 Dona Cristeta Subd. Pamplona Uno, Alabang Zapote Road, Las Pinas City",09/01/2024,2024-09-19 19:59:10.204131,No,No,No,n/a,n/a,No,No,No,No,No,No,No,No
"P540,000",Honda,CR-V,2013,2.0 S AT,Crossover,2.4,Automatic,Gasoline,"80,000 km",4,"Block 1 lot 2 Dona Cristeta Subd. Pamplona Uno, Alabang Zapote Road, Las Pinas City",09/02/2024,2024-09-19 19:59:10.577682,No,Yes,No,Automatic Climate Control,Integrated AM/FM/CD/MP3/AUX/USB,Yes,Yes,Yes,No,No,,Yes,Yes
"P515,000",Hyundai,Elantra,2019,GL AT,Sedan,1.4,Automatic,Gasoline,"30,000 km",4,"Block 1 lot 2 Dona Cristeta Subd. Pamplona Uno, Alabang Zapote Road, Las Pinas City",09/02/2024,2024-09-19 19:59:10.970369,No,No,No,n/a,n/a,No,No,No,No,No,No,No,No
"P960,000",Ford,Everest,2016,Titanium Plus 4x4 A/T,SUV,3.2,Automatic,Diesel,"60,000 km",5,"Block 1 lot 2 Dona Cristeta Subd. Pamplona Uno, Alabang Zapote Road, Las Pinas City",09/02/2024,2024-09-19 19:59:11.960086,Yes,Yes,No,dual-zone automatic climate control,"SYNC 3 ,AM/FM radio, CD, MP3, Aux and USB, it also comes with Apple CarPlay, Android Auto",Yes,Yes,Yes,Yes,No,No,Yes,Yes
"P470,000",Kia,Sportage,2013,2.0 EX CRDi,Crossover,2,Automatic,Diesel,"70,000 km",5,"Block 1 lot 2 Dona Cristeta Subd. Pamplona Uno, Alabang Zapote Road, Las Pinas City",09/02/2024,2024-09-19 19:59:12.472159,No,No,No,Manual Airconditioning,Integrated AM/FM/CD/MP3/AUX/USB,Yes,Yes,No,No,No,,Yes,Yes
"P520,000",Toyota,Vios XLE,2020,1.3L AT Gasoline,Sedan,1.3,Automatic,Gasoline,"30,000 km",,"Block 1 lot 2 Dona Cristeta Subd. Pamplona Uno, Alabang Zapote Road, Las Pinas City",09/03/2024,2024-09-19 19:59:13.239709,No,No,No,n/a,n/a,No,No,No,No,No,No,No,No
"P905,000",Ford,Territory,2022,Titanium 1.5 AT,Crossover,1.5,Automatic,Gasoline,"40,000 km",5,"Block 1 lot 2 Dona Cristeta Subd. Pamplona Uno, Alabang Zapote Road, Las Pinas City",09/07/2024,2024-09-19 19:59:13.522594,Yes,Yes,No,Automatic Climate Control,"10-inch touchscreen display,infotainment system",Yes,Yes,Yes,Yes,No,No,No,No
"P390,000",Ford,EcoSport,2016,1.5L Titanium AT,Crossover,1.5,Automatic,Gasoline,"50,000 km",5,"Block 1 lot 2 Dona Cristeta Subd. Pamplona Uno, Alabang Zapote Road, Las Pinas City",09/07/2024,2024-09-19 19:59:13.836270,No,No,No,Manual Air-conditioning,In Dash CD/AM/FM Audio System,Yes,Yes,No,No,No,No,No,No
"P675,000",Honda,BR-V,2019,1.5 S CVT,Crossover,1.5,CVT,Gasoline,"40,000 km",5,"Block 1 lot 2 Dona Cristeta Subd. Pamplona Uno, Alabang Zapote Road, Las Pinas City",09/07/2024,2024-09-19 19:59:14.124492,No,No,No,Manual Air-Conditioning with Rear Independent Controls,7-inch Capacitive Touchscreen Display Audio with Bluetooth and USB via 4 speakers,Yes,Yes,No,No,No,,Yes,Yes
"P1,690,000",Toyota,FJ Cruiser,2016,4.0L AT Gasoline,SUV,4.0,Automatic,Gasoline,"70,000 km",5,"Block 1 lot 2 Dona Cristeta Subd. Pamplona Uno, Alabang Zapote Road, Las Pinas City",09/07/2024,2024-09-19 19:59:14.425814,No,No,No,Manual Air-conditioning,In Dash CD/AM/FM Audio System,Yes,Yes,No,No,No,,Yes,Yes
"P895,000",Toyota,Raize,2022,1.0 Turbo A/T,SUV,1,Automatic,Gasoline,"20,000 km",5,"Block 1 lot 2 Dona Cristeta Subd. Pamplona Uno, Alabang Zapote Road, Las Pinas City",09/07/2024,2024-09-19 19:59:14.756499,No,No,Yes,Automatic Climate Control,8-inch infotainment system with 6-speaker sound system,Yes,Yes,No,No,No,Yes,Yes,No
"P615,000",Suzuki,Ertiga,2019,GL 1.5 AT Black Edition,MPV,1.5,Automatic,Gasoline,"70,000 km",5,"Block 1 lot 2 Dona Cristeta Subd. Pamplona Uno, Alabang Zapote Road, Las Pinas City",09/07/2024,2024-09-19 19:59:15.055907,No,No,No,Manual Air Conditioning with Rear Manual Control,8-inch Multimedia Audio Touchscreen via 4 speakers,Yes,Yes,No,No,No,,Yes,Yes
"P555,000",Honda,Brio,2021,1.2L AT Gasoline,Hatchback,1.2,Automatic,Gasoline,"6,000 km",,"Block 1 lot 2 Dona Cristeta Subd. Pamplona Uno, Alabang Zapote Road, Las Pinas City",09/07/2024,2024-09-19 19:59:15.358519,No,No,No,n/a,n/a,No,No,No,No,No,No,No,No
"P480,000",Kia,Carens,2014,1.7L EX AT,MPV,1.7,Automatic,Diesel,"80,000 km",5,"Block 1 lot 2 Dona Cristeta Subd. Pamplona Uno, Alabang Zapote Road, Las Pinas City",09/12/2024,2024-09-19 19:59:15.690345,No,No,No,n/a,n/a,No,No,No,No,No,No,No,No
"P560,000",Toyota,Innova,2014,G 2.0 Gas AT,MPV,2,Automatic,Gasoline,"30,000 km",5,"Block 1 lot 2 Dona Cristeta Subd. Pamplona Uno, Alabang Zapote Road, Las Pinas City",09/11/2024,2024-09-19 19:59:16.010179,No,No,No,Dual Automatic Climate Control,"Fujitsu-Ten 2-DIN CD/Tuner/MP3 with USB and Aux Input, 6 Speakers",Yes,Yes,No,No,No,Yes,Yes,Yes
"P620,000",Toyota,Avanza,2019,1.3 E AT,MPV,1.3,Automatic,Gasoline,"50,000 km",5,"Block 1 lot 2 Dona Cristeta Subd. Pamplona Uno, Alabang Zapote Road, Las Pinas City",09/11/2024,2024-09-19 19:59:16.329890,No,No,No,Manual Air Conditioning,n/a,Yes,Yes,No,No,No,Yes,Yes,Yes
"P640,000",Honda,BR-V,2017,1.5 V AT,Crossover,1.5,Automatic,Gasoline,"50,000 km",5,"Block 1 lot 2 Dona Cristeta Subd. Pamplona Uno, Alabang Zapote Road, Las Pinas City",09/11/2024,2024-09-19 19:59:16.650708,No,Yes,Yes,Automatic Climate Control,n/a,Yes,Yes,No,No,No,,Yes,Yes
"P935,000",Toyota,Fortuner,2017,G 2.7L AT Gasoline,SUV,2.7,Automatic,Gasoline,"40,000 km",,"Block 1 lot 2 Dona Cristeta Subd. Pamplona Uno, Alabang Zapote Road, Las Pinas City",09/11/2024,2024-09-19 19:59:17.020048,No,No,No,n/a,n/a,No,No,No,No,No,No,No,No
"P1,150,000",Ford,Territory,2024,1.5L AT Gasoline,SUV,1.5,Automatic,Gasoline,"17,000 km",,"Block 1 lot 2 Dona Cristeta Subd. Pamplona Uno, Alabang Zapote Road, Las Pinas City",09/11/2024,2024-09-19 19:59:17.330636,No,No,No,n/a,n/a,No,No,No,No,No,No,No,No
"P1,005,000",Toyota,Fortuner,2016,2.4L G AT Diesel,SUV,2.4,Automatic,Diesel,"40,000 km",,"Block 1 lot 2 Dona Cristeta Subd. Pamplona Uno, Alabang Zapote Road, Las Pinas City",09/11/2024,2024-09-19 19:59:18.534437,No,No,No,n/a,n/a,No,No,No,No,No,No,No,No
"P920,000",Hyundai,Grand Starex,2019,2.5L AT Diesel,Van,2.5,Automatic,Diesel,"40,000 km",5,"Block 1 lot 2 Dona Cristeta Subd. Pamplona Uno, Alabang Zapote Road, Las Pinas City",09/11/2024,2024-09-19 19:59:18.835826,No,No,No,n/a,n/a,No,No,No,No,No,No,No,No
"P595,000",Honda,HR-V,2015,1.8 E AT,Crossover,1.8,Automatic,Gasoline,"60,000 km",5,"Block 1 lot 2 Dona Cristeta Subd. Pamplona Uno, Alabang Zapote Road, Las Pinas City",09/11/2024,2024-09-19 19:59:19.144575,No,No,No,n/a,n/a,No,No,No,No,No,No,No,No
"P710,000",Toyota,Avanza,2021,1.5L AT Gasoline,SUV,1.5,Automatic,Gasoline,"40,000 km",,"Block 1 lot 2 Dona Cristeta Subd. Pamplona Uno, Alabang Zapote Road, Las Pinas City",09/11/2024,2024-09-19 19:59:19.423579,No,No,No,n/a,n/a,No,No,No,No,No,No,No,No
"P520,000",Honda,Mobilio,2016,1.5L AT Gasoline,MPV,1.5,Automatic,Gasoline,"40,000 km",,"Block 1 lot 2 Dona Cristeta Subd. Pamplona Uno, Alabang Zapote Road, Las Pinas City",09/11/2024,2024-09-19 19:59:19.672701,No,No,No,n/a,n/a,No,No,No,No,No,No,No,No
"P565,000",Suzuki,Ertiga,2019,GL AT,MPV,1.5,Automatic,Gasoline,"50,000 km",5,"Block 1 lot 2 Dona Cristeta Subd. Pamplona Uno, Alabang Zapote Road, Las Pinas City",09/11/2024,2024-09-19 19:59:19.972006,No,No,No,Dual Manual Air-conditioning,"4 speaker, 8 inch Touchscreen",Yes,Yes,No,No,No,,Yes,Yes
"P520,000",Honda,Brio,2019,1.2 V CVT,Hatchback,1.2,CVT,Gasoline,"40,000 km",5,"Block 1 lot 2 Dona Cristeta Subd. Pamplona Uno, Alabang Zapote Road, Las Pinas City",09/11/2024,2024-09-19 19:59:20.268722,No,No,No,Manual Air Conditioning,"7-inch Capacitive Touchscreen Audio with Bluetooth, Audio Streaming, and USB via 4 speakers",Yes,Yes,No,No,No,,Yes,Yes
"P550,000",Honda,City,2018,1.5 AT Gasoline,Sedan,1.5,Automatic,Gasoline,"40,000 km",4,"Block 1 lot 2 Dona Cristeta Subd. Pamplona Uno, Alabang Zapote Road, Las Pinas City",09/03/2024,2024-09-19 19:59:20.639098,No,No,No,Manual Air-conditioning,7-inch touchscreen DVD/CD and 4 Speakers,Yes,Yes,No,No,No,Yes,Yes,Yes
"P380,000",Chevrolet,Trax,2016,1.4LS AT,Crossover,1.4,Automatic,Gasoline,"50,000 km",5,"Block 1 lot 2 Dona Cristeta Subd. Pamplona Uno, Alabang Zapote Road, Las Pinas City",09/03/2024,2024-09-19 19:59:21.058551,No,No,No,n/a,n/a,No,No,No,No,No,No,No,No
"P340,000",Chevrolet,Sail,2019,1.5 LT AT,Sedan,1.5,Automatic,Gasoline,"40,000 km",4,"Block 1 lot 2 Dona Cristeta Subd. Pamplona Uno, Alabang Zapote Road, Las Pinas City",09/03/2024,2024-09-19 19:59:21.452017,No,No,No,n/a,n/a,No,No,No,No,No,No,No,No
"P595,000",Honda,Brio,2022,S 1.2L AT Gasoline,Hatchback,1.2,Automatic,Gasoline,"30,000 km",,"Block 1 lot 2 Dona Cristeta Subd. Pamplona Uno, Alabang Zapote Road, Las Pinas City",09/03/2024,2024-09-19 19:59:21.894573,No,No,No,n/a,n/a,No,No,No,No,No,No,No,No
"P810,000",Chevrolet,Trailblazer,2019,2.8L AT Diesel,SUV,2.8,Automatic,Diesel,"40,000 km",5,"Block 1 lot 2 Dona Cristeta Subd. Pamplona Uno, Alabang Zapote Road, Las Pinas City",09/04/2024,2024-09-19 19:59:22.240716,No,No,No,Manual Airconditioning,NAVI-Ready Display Audio AM/FM/CD/MP3/USB/Aux,Yes,Yes,No,No,No,No,No,No
"P530,000",Ford,EcoSport,2019,1.5 Trend AT,Crossover,1.5,Automatic,Gasoline,"15,000 km",5,"Block 1 lot 2 Dona Cristeta Subd. Pamplona Uno, Alabang Zapote Road, Las Pinas City",09/04/2024,2024-09-19 19:59:22.667042,No,No,No,Manual Temperature Control,9-inch Colored Touchscreen via 4 speakers,Yes,Yes,Yes,No,No,,Yes,No
"P620,000",Mitsubishi,Montero Sport,2014,2.4L GLX AT Diesel,SUV,2.4,Automatic,Diesel,"70,000 km",,"Block 1 lot 2 Dona Cristeta Subd. Pamplona Uno, Alabang Zapote Road, Las Pinas City",09/05/2024,2024-09-19 19:59:22.993062,No,No,No,n/a,n/a,No,No,No,No,No,No,No,No
"P855,000",Toyota,Innova,2019,E 2.8L AT Diesel,MPV,,Automatic,Diesel,"40,000 km",,"Block 1 lot 2 Dona Cristeta Subd. Pamplona Uno, Alabang Zapote Road, Las Pinas City",09/05/2024,2024-09-19 19:59:23.270840,No,No,No,n/a,n/a,No,No,No,No,No,No,No,No
"P1,020,000",Toyota,Fortuner,2016,2.4L G AT Diesel,SUV,2.4,Automatic,Diesel,"70,000 km",,"Block 1 lot 2 Dona Cristeta Subd. Pamplona Uno, Alabang Zapote Road, Las Pinas City",09/05/2024,2024-09-19 19:59:23.585598,No,No,No,n/a,n/a,No,No,No,No,No,No,No,No
"P620,000",Chevrolet,Trailblazer,2016,LT 4x2 A/T,SUV,2.8,Automatic,Diesel,"50,000 km",5,"Block 1 lot 2 Dona Cristeta Subd. Pamplona Uno, Alabang Zapote Road, Las Pinas City",09/05/2024,2024-09-19 19:59:23.888797,No,No,No,Manual Climate Control,"Integrated 2DIN Audio,FM/AM/Radio",Yes,Yes,No,No,No,,Yes,Yes
"P475,000",Toyota,Altis,2014,1.6L AT Gasoline,Sedan,1.6,Automatic,Gasoline,"60,000 km",,"Block 1 lot 2 Dona Cristeta Subd. Pamplona Uno, Alabang Zapote Road, Las Pinas City",09/10/2024,2024-09-19 19:59:24.231030,No,No,No,n/a,n/a,No,No,No,No,No,No,No,No
"P555,000",Hyundai,Santa Fe,2013,AT,SUV,,Automatic,Diesel,"60,000 km",5,"Block 1 lot 2 Dona Cristeta Subd. Pamplona Uno, Alabang Zapote Road, Las Pinas City",09/10/2024,2024-09-19 19:59:24.726457,No,No,No,n/a,n/a,No,No,No,No,No,No,No,No
"P465,000",Honda,City,2016,E AT Gasoline,Sedan,1.5,Automatic,Gasoline,"50,000 km",4,"Block 1 lot 2 Dona Cristeta Subd. Pamplona Uno, Alabang Zapote Road, Las Pinas City",09/10/2024,2024-09-19 19:59:25.037652,No,No,No,Manual Air-Conditioning,In Dash CD/AM/FM Audio System,Yes,Yes,No,No,No,No,No,No
"P499,000",Mazda,3,2014,2.0L AT,Sedan,2,Automatic,Gasoline,"74,950 km",4,"General Trias City, Cavite, CALABARZON",09/10/2024,2024-09-19 19:59:25.373662,Yes,No,No,Automatic Dual-Zone Climate Control with Rear Vents,10.25-inch Mazda Connect LCD Display with 12-Speaker BOSE Sound System,Yes,Yes,Yes,Yes,Yes,,Yes,Yes
"P560,000",Honda,Brio,2019,RS AT,Hatchback,1.2,Automatic,Gasoline,"60,000 km",5,"Block 1 lot 2 Dona Cristeta Subd. Pamplona Uno, Alabang Zapote Road, Las Pinas City",09/06/2024,2024-09-19 19:59:25.699568,No,No,No,n/a,n/a,No,No,No,No,No,No,No,No
"P270,000",Suzuki,Celerio,2018,1.0 MT,Hatchback,1,Manual,Gasoline,"40,000 km",5,"Block 1 lot 2 Dona Cristeta Subd. Pamplona Uno, Alabang Zapote Road, Las Pinas City",09/06/2024,2024-09-19 19:59:26.041474,No,No,No,Manual Air-Conditioning,Touchscreen Audio Unit,Yes,Yes,No,No,No,,Yes,No
"P520,000",Nissan,Juke,2017,Nstyle 1.6  A/T,Crossover,1.6,Automatic,Gasoline,"60,000 km",5,"Block 1 lot 2 Dona Cristeta Subd. Pamplona Uno, Alabang Zapote Road, Las Pinas City",09/06/2024,2024-09-19 19:59:26.377815,Yes,No,Yes,Automatic air-con,2 DIN Display Audio with Bluetooth connectivity,Yes,Yes,Yes,No,No,Yes,Yes,Yes
"P505,000",Kia,Sportage,2014,LX 4x2 AT,Crossover,2.0,Automatic,Diesel,"50,000 km",5,"Block 1 lot 2 Dona Cristeta Subd. Pamplona Uno, Alabang Zapote Road, Las Pinas City",09/06/2024,2024-09-19 19:59:26.788915,No,No,No,n/a,n/a,No,No,No,No,No,No,No,No
"P630,000",Mazda,CX-5,2016,SkyActiv,Crossover,2,Automatic,Gasoline,"60,000 km",5,"Block 1 lot 2 Dona Cristeta Subd. Pamplona Uno, Alabang Zapote Road, Las Pinas City",09/06/2024,2024-09-19 19:59:27.131866,No,No,No,Automatic Airconditioning,NAVI-Ready Display Audio AM/FM/MP3,Yes,Yes,No,No,No,No,No,No
"P1,258,000",Toyota,Fortuner,2018,V 2.4L AT Diesel,SUV,2.4,Automatic,Diesel,"67,000 km",5,"Aguinaldo Highway Bayan Luna IV Imus, Cavite",01/26/2024,2024-09-19 19:59:27.994334,No,No,No,n/a,n/a,No,No,No,No,No,No,No,No
"P450,000",Toyota,Vios,2019,1.3 J MT,Sedan,1.3,Manual,Gasoline,"30,000 km",4,"Block 1 lot 2 Dona Cristeta Subd. Pamplona Uno, Alabang Zapote Road, Las Pinas City",09/09/2024,2024-09-19 19:59:28.315792,No,No,No,"Manual Cooler, Dial Type Control",2 DIN with CD and MP3 via 2 Speakers,Yes,Yes,No,No,Yes,,No,No
"P480,000",Honda,Brio,2015,Amaze 1.3 AT,Sedan,1.3,Automatic,Gasoline,"52,000 km",4,"Pasay City, Metro Manila, NCR",09/09/2024,2024-09-19 19:59:29.706956,No,No,No,Manual Air Conditioning,2-DIN Honda DVD Navigation System with CD/DVD and 4 Speakers.,Yes,Yes,No,No,No,,Yes,Yes
"P480,000",Honda,Mobilio,2015,V A/T,MPV,1.5,Automatic,Gasoline,"60,000 km",5,"Block 1 lot 2 Dona Cristeta Subd. Pamplona Uno, Alabang Zapote Road, Las Pinas City",09/09/2024,2024-09-19 19:59:30.044547,No,No,No,Dual Manual Aircon,n/a,Yes,Yes,No,No,No,,Yes,Yes
"P1,458,000",Mazda,BT-50,2019,2.2 4x2 AT,Pickup Truck,2.2,Automatic,Diesel,"14,000 km",4,"Pasig City, Metro Manila, NCR",07/16/2024,2024-09-19 19:59:30.362648,Yes,Yes,No,Auto Climate Control,MP3 Compatible Audio/CD Player,Yes,Yes,Yes,No,No,,Yes,No
"P815,000",Toyota,Avanza,2022,1.3 E CVT,MPV,1.3,CVT,Gasoline,"21,000 km",5,"Pasig City, Metro Manila, NCR",07/11/2024,2024-09-19 19:59:30.756672,No,No,No,Manual (Digital COntrol),8-inch Audio Display with 4 speakers,Yes,Yes,No,No,No,,Yes,Yes
"P505,000",Mazda,3,2016,1.5 SkyActiv A/T,Hatchback,1.5,Automatic,Gasoline,"60,000 km",5,"Block 1 lot 2 Dona Cristeta Subd. Pamplona Uno, Alabang Zapote Road, Las Pinas City",09/07/2024,2024-09-19 19:59:31.161901,No,No,Yes,Electronic Automatic 1-Zone Temperature Control,"7-inch Touchscreen LCD, Single-DVD Player, MP3 w/ 6 speakers",Yes,Yes,Yes,Yes,No,,Yes,No
"P610,000",Honda,City,2019,VX AT,Sedan,1.5,Automatic,Gasoline,"60,000 km",4,"Block 1 lot 2 Dona Cristeta Subd. Pamplona Uno, Alabang Zapote Road, Las Pinas City",09/08/2024,2024-09-19 19:59:31.601140,Yes,No,No,Automatic Climate Control,"Integrated (in-dash) Music System, Touch-screen Display",No,No,No,No,No,,Yes,No
"P590,000",Suzuki,Vitara,2019,1.6 AT,Crossover,1.6,Automatic,Gasoline,"40,000 km",5,"Block 1 lot 2 Dona Cristeta Subd. Pamplona Uno, Alabang Zapote Road, Las Pinas City",09/08/2024,2024-09-19 19:59:32.016868,Yes,No,Yes,Auto Climate Control,"MP3 Compatible Audio/CD Player,Apple Car Play,Sound System with 4 Speakers",Yes,Yes,Yes,No,Yes,,Yes,No
"P3,050,000",Toyota,Alphard,2018,AT Hybrid,Van,3.5,Automatic,Gasoline,"20,000 km",5,"Block 1 lot 2 Dona Cristeta Subd. Pamplona Uno, Alabang Zapote Road, Las Pinas City",02/02/2024,2024-09-19 19:59:32.433373,No,No,No,Automatic air-conditioning,NAVI-Ready Display Audio AM/FM/CD/MP3/USB/Aux,Yes,Yes,No,No,No,No,No,No
"P560,000",Honda,Mobilio,2016,RS AT,MPV,1.5,Automatic,Gasoline,"50,000 km",5,"Block 1 lot 2 Dona Cristeta Subd. Pamplona Uno, Alabang Zapote Road, Las Pinas City",02/09/2024,2024-09-19 19:59:33.269407,No,No,No,n/a,n/a,No,No,No,No,No,No,No,No
"P2,050,000",Ford,Mustang,2015,GT,Coupe,5.0,Automatic,Gasoline,"18,000 km",2,"Block 1 lot 2 Dona Cristeta Subd. Pamplona Uno, Alabang Zapote Road, Las Pinas City",02/26/2024,2024-09-19 19:59:33.525828,No,No,No,Automatic air-conditioning,NAVI-Ready Display Audio AM/FM/CD/MP3/USB/Aux,Yes,Yes,No,No,No,No,No,No
"P290,000",Mitsubishi,Mirage,2014,GLS  MT,Hatchback,1.2,Manual,Gasoline,"70,000 km",5,"Block 1 lot 2 Dona Cristeta Subd. Pamplona Uno, Alabang Zapote Road, Las Pinas City",01/26/2024,2024-09-19 19:59:33.907857,No,No,No,Automatic Air Conditioning,LCD Head Unit Audio System,Yes,Yes,No,No,No,No,Yes,Yes
"P1,130,000",Subaru,WRX,2018,2L AT Gasoline,Sedan,2,Automatic,Gasoline,"9,000 km",,"Block 1 lot 2 Dona Cristeta Subd. Pamplona Uno, Alabang Zapote Road, Las Pinas City",01/26/2024,2024-09-19 19:59:34.213018,No,No,No,n/a,n/a,No,No,No,No,No,No,No,No
"P660,000",Mitsubishi,Montero Sport,2014,GLS V 4x2 AT,SUV,2.5,Automatic,Diesel,"70,000 km",5,"Block 1 lot 2 Dona Cristeta Subd. Pamplona Uno, Alabang Zapote Road, Las Pinas City",01/12/2024,2024-09-19 19:59:34.512787,No,No,No,n/a,n/a,No,No,No,No,No,No,No,No
"P1,140,000",Ford,Everest,2018,3.2 Titanium 4x4 AT,SUV,3.2,Automatic,Diesel,"40,000 km",5,"Block 1 lot 2 Dona Cristeta Subd. Pamplona Uno, Alabang Zapote Road, Las Pinas City",01/12/2024,2024-09-19 19:59:35.502429,No,No,No,n/a,n/a,No,No,No,No,No,No,No,No
"P640,000",Mazda,CX-3,2017,2.0 AWD AT,Crossover,,Automatic,Gasoline,"60,000 km",5,"Block 1 lot 2 Dona Cristeta Subd. Pamplona Uno, Alabang Zapote Road, Las Pinas City",12/17/2023,2024-09-19 19:59:36.592784,No,No,No,n/a,n/a,No,No,No,No,No,No,No,No
"P1,490,000",Toyota,Camry,2019,2.5 V A/T,Sedan,2.5,Automatic,Gasoline,"30,000 km",4,"Block 1 lot 2 Dona Cristeta Subd. Pamplona Uno, Alabang Zapote Road, Las Pinas City",11/19/2023,2024-09-19 19:59:37.017682,Yes,No,Yes,3-Zone Automatic Climate Control,"7-inch TFT display with CD, DVD, MP3, and FLAC via High Resolution Audio Quality",Yes,Yes,Yes,Yes,Yes,,Yes,Yes
"P1,780,000",Hyundai,Grand Starex,2020,2.5L CRDI GLS FL (DSL-Swivel) AT Diesel,Van,2.5,Automatic,Diesel,"60,000 km",,"Block 1 lot 2 Dona Cristeta Subd. Pamplona Uno, Alabang Zapote Road, Las Pinas City",09/17/2023,2024-09-19 19:59:37.624322,No,No,No,n/a,n/a,No,No,No,No,No,No,No,No
"P560,000",Subaru,Forester,2014,XT AWD,Crossover,2.0,Automatic,Gasoline,"70,000 km",5,"Block 1 lot 2 Dona Cristeta Subd. Pamplona Uno, Alabang Zapote Road, Las Pinas City",08/25/2023,2024-09-19 19:59:38.240675,No,No,No,n/a,n/a,No,No,No,No,No,No,No,No
"P1,690,000",BMW,X1,2018,2.0d XDrive A/T,Crossover,2.5,Automatic,Diesel,"20,000 km",5,"Block 1 lot 2 Dona Cristeta Subd. Pamplona Uno, Alabang Zapote Road, Las Pinas City",02/26/2024,2024-09-19 19:59:38.742602,No,No,No,One Zone Automatic Air Conditioning,Radio BMW Business CD with AUX In.,Yes,Yes,Yes,Yes,No,,Yes,Yes
"P2,590,000",Mercedes-Benz,E-Class,2018,E220 Sedan 2L AT Diesel,Sedan,2,Automatic,Diesel,"40,000 km",,"Block 1 lot 2 Dona Cristeta Subd. Pamplona Uno, Alabang Zapote Road, Las Pinas City",02/26/2024,2024-09-19 19:59:40.092919,No,No,No,n/a,n/a,No,No,No,No,No,No,No,No
"P1,090,000",Ford,Explorer,2016,EcoBoost AT (4X4),SUV,3.5,Automatic,Gasoline,"40,000 km",5,"Block 1 lot 2 Dona Cristeta Subd. Pamplona Uno, Alabang Zapote Road, Las Pinas City",02/26/2024,2024-09-19 19:59:40.789600,No,No,No,Automatic air-conditioning,NAVI-Ready Display Audio AM/FM/CD/MP3/USB/Aux,Yes,Yes,No,No,No,No,No,No
"P710,000",Subaru,Forester,2018,2.0i-L,Crossover,2.0,CVT,Gasoline,"40,000 km",5,"Block 1 lot 2 Dona Cristeta Subd. Pamplona Uno, Alabang Zapote Road, Las Pinas City",02/27/2024,2024-09-19 19:59:41.389686,Yes,No,No,Dual Zone Automatic AC with dust filter,6.2-inch Audio and Multi-Information Touchscreen Display via 4 speakers,Yes,Yes,Yes,Yes,No,,Yes,No
"P630,000",Honda,Jazz,2018,CVT i-VTEC,Hatchback,1.5,Automatic,Gasoline,"40,000 km",5,"Block 1 lot 2 Dona Cristeta Subd. Pamplona Uno, Alabang Zapote Road, Las Pinas City",03/01/2024,2024-09-19 19:59:41.972805,No,No,No,n/a,n/a,No,No,No,No,No,No,No,No
"P740,000",Hyundai,Venue,2022,1.6L AT Gasoline,SUV,1.6,Automatic,Gasoline,"20,000 km",,"Block 1 lot 2 Dona Cristeta Subd. Pamplona Uno, Alabang Zapote Road, Las Pinas City",03/10/2024,2024-09-19 19:59:42.274589,No,No,No,n/a,n/a,No,No,No,No,No,No,No,No
"P705,000",Mitsubishi,Xpander,2019,1.5 GLS AT,MPV,1.5,Automatic,Gasoline,"50,000 km",5,"Block 1 lot 2 Dona Cristeta Subd. Pamplona Uno, Alabang Zapote Road, Las Pinas City",03/21/2024,2024-09-19 19:59:42.570099,Yes,No,Yes,Manual Air-Conditioning with rear vents,"7-inch touchscreen headunit with 6 speakers, 2 tweeters, and GPS Navigation",Yes,Yes,No,No,No,,Yes,No
"P710,000",Toyota,Rush,2019,1.5 G AT,MPV,1.5,Automatic,Gasoline,"90,000 km",5,"Block 1 lot 2 Dona Cristeta Subd. Pamplona Uno, Alabang Zapote Road, Las Pinas City",03/30/2024,2024-09-19 19:59:42.833111,No,No,No,Automatic,Navi MP3 AM/FM,Yes,Yes,No,No,No,No,No,No
"P680,000",Toyota,Rush,2018,1.5 E AT,MPV,1.5,Automatic,Gasoline,"40,000 km",5,"Block 1 lot 2 Dona Cristeta Subd. Pamplona Uno, Alabang Zapote Road, Las Pinas City",03/30/2024,2024-09-19 19:59:43.658861,No,No,Yes,Auto A/C,"Touch Screen 7"" Display Audio with CD and MP3 via 6 speakers",Yes,Yes,Yes,Yes,No,,Yes,Yes
"P760,000",Toyota,Fortuner,2015,G Gas AT,SUV,2.7,Automatic,Gasoline,"50,000 km",5,"Block 1 lot 2 Dona Cristeta Subd. Pamplona Uno, Alabang Zapote Road, Las Pinas City",04/08/2024,2024-09-19 19:59:43.912813,No,No,No,Manual Airconditioning,In Dash AM/FM/CD Audio System,Yes,Yes,No,No,No,No,No,No
"P630,000",Mazda,CX-5,2015,2.0 SkyActiv A/T,Crossover,2,Automatic,Gasoline,"60,000 km",5,"Block 1 lot 2 Dona Cristeta Subd. Pamplona Uno, Alabang Zapote Road, Las Pinas City",04/11/2024,2024-09-19 19:59:44.228919,No,No,No,Dual Zone Climate Control,n/a,No,No,No,No,No,,No,Yes
"P1,130,000",Honda,Civic,2022,RS Turbo CVT Honda SENSING,Sedan,1.5,CVT,Gasoline,"13,000 km",4,"Block 1 lot 2 Dona Cristeta Subd. Pamplona Uno, Alabang Zapote Road, Las Pinas City",04/18/2024,2024-09-19 19:59:44.534757,Yes,Yes,Yes,Dual Zone Automatic Air-Conditioning,9-inch Touchscreen Audio,Yes,Yes,Yes,Yes,No,,Yes,Yes
"P670,000",Suzuki,Jimny,2017,JLX 1.3L AT Gasoline (4X4),SUV,1.3,Automatic,Gasoline,"50,000 km",3,"Block 1 lot 2 Dona Cristeta Subd. Pamplona Uno, Alabang Zapote Road, Las Pinas City",05/04/2024,2024-09-19 19:59:44.886774,No,No,No,Manual Air Conditioning,In Dash AM/FM/CD Audio System,No,No,No,No,No,No,No,No
"P740,000",Chevrolet,Trailblazer,2018,2.8 4x2 LT AT,SUV,2.8,Automatic,Diesel,"40,000 km",5,"Block 1 lot 2 Dona Cristeta Subd. Pamplona Uno, Alabang Zapote Road, Las Pinas City",05/10/2024,2024-09-19 19:59:45.186283,No,No,No,Manual Controls,7-inch touchscreen with Chevrolet MyLink Infotainment System with Apple CarPlay and SIRI Eyes Free,Yes,Yes,No,No,No,,Yes,Yes
"P1,020,000",Mitsubishi,Montero Sport,2016,GT 2.4 4x4 AT,SUV,2.4,Automatic,Diesel,"60,000 km",5,"Block 1 lot 2 Dona Cristeta Subd. Pamplona Uno, Alabang Zapote Road, Las Pinas City",05/12/2024,2024-09-19 19:59:45.524322,No,No,No,n/a,n/a,No,No,No,No,No,No,No,No
"P905,000",Ford,Territory,2022,1.5 Titanium Plus AT,Crossover,1.5,Automatic,Gasoline,"40,000 km",,"Block 1 lot 2 Dona Cristeta Subd. Pamplona Uno, Alabang Zapote Road, Las Pinas City",05/16/2024,2024-09-19 19:59:45.919510,No,No,No,n/a,n/a,No,No,No,No,No,No,No,No
"P710,000",Honda,Jazz,2018,VX AT,Hatchback,1.5,Automatic,Gasoline,"40,000 km",,"Block 1 lot 2 Dona Cristeta Subd. Pamplona Uno, Alabang Zapote Road, Las Pinas City",05/20/2024,2024-09-19 19:59:46.267163,No,No,No,n/a,n/a,No,No,No,No,No,No,No,No
"P990,000",Ford,Everest,2018,2.2 Titanium Plus 4x2 AT,SUV,2.2,Automatic,Diesel,"40,000 km",5,"Block 1 lot 2 Dona Cristeta Subd. Pamplona Uno, Alabang Zapote Road, Las Pinas City",05/20/2024,2024-09-19 19:59:46.595875,No,No,No,n/a,n/a,No,No,No,No,No,No,No,No
"P1,140,000",Subaru,BRZ,2014,2.0L MT Gasoline,Coupe,2.0,Manual,Gasoline,"40,000 km",,"Block 1 lot 2 Dona Cristeta Subd. Pamplona Uno, Alabang Zapote Road, Las Pinas City",05/21/2024,2024-09-19 19:59:46.955920,No,No,No,n/a,n/a,No,No,No,No,No,No,No,No
"P325,000",Suzuki,Celerio,2016,1.0L AT Gasoline,Hatchback,1.0,Automatic,Gasoline,"50,000 km",5,"Block 1 lot 2 Dona Cristeta Subd. Pamplona Uno, Alabang Zapote Road, Las Pinas City",05/21/2024,2024-09-19 19:59:47.317782,No,No,No,Manual Air Con,In Dash CD/AM/FM Audio System,Yes,Yes,No,No,No,No,Yes,Yes
"P485,000",Chevrolet,Trax,2017,LS AT,Crossover,1.4,Automatic,Gasoline,"40,000 km",5,"Block 1 lot 2 Dona Cristeta Subd. Pamplona Uno, Alabang Zapote Road, Las Pinas City",05/26/2024,2024-09-19 19:59:47.649575,No,No,No,"Air conditioning, single-zone manual","Audio system feature, 6-speaker system",Yes,Yes,Yes,No,Yes,Yes,No,No
"P895,000",Jeep,Renegade,2017,1.4L AT Gasoline,SUV,1.4,Automatic,Gasoline,"20,000 km",5,"Block 1 lot 2 Dona Cristeta Subd. Pamplona Uno, Alabang Zapote Road, Las Pinas City",05/28/2024,2024-09-19 19:59:47.958138,Yes,Yes,No,n/a,With Built in Navigation,Yes,Yes,Yes,Yes,No,Yes,Yes,Yes
"P828,000",Toyota,Avanza,2022,1.3 E CVT,MPV,1.3,CVT,Gasoline,"37,000 km",5,"Aguinaldo Highway Bayan Luna IV Imus, Cavite",09/03/2024,2024-09-19 19:59:48.349899,No,No,No,Manual (Digital COntrol),8-inch Audio Display with 4 speakers,Yes,Yes,No,No,No,,Yes,Yes
"P1,050,000",Toyota,Veloz,2023,1.5 V CVT,SUV,1.5,CVT,Gasoline,"7,053 km",5,"Paranaque City, Metro Manila, NCR",09/03/2024,2024-09-19 19:59:48.638968,No,Yes,Yes,Automatic Air-Conditioning,9-inch Audio Display,Yes,Yes,Yes,Yes,No,,Yes,Yes
"P1,010,000",Toyota,Fortuner,2016,2.4L G AT Diesel,SUV,2.4,Automatic,Diesel,"70,000 km",,"Block 1 lot 2 Dona Cristeta Subd. Pamplona Uno, Alabang Zapote Road, Las Pinas City",05/31/2024,2024-09-19 19:59:49.003716,No,No,No,n/a,n/a,No,No,No,No,No,No,No,No
"P620,000",Honda,Jazz,2017,VX AT,Hatchback,1.5,Automatic,Gasoline,"50,000 km",5,"Block 1 lot 2 Dona Cristeta Subd. Pamplona Uno, Alabang Zapote Road, Las Pinas City",06/04/2024,2024-09-19 19:59:49.367100,No,No,No,n/a,n/a,No,No,No,No,No,No,No,No
"P710,000",Suzuki,Jimny,2018,4x4 JLX AT,SUV,,Automatic,Gasoline,"40,000 km",3,"Block 1 lot 2 Dona Cristeta Subd. Pamplona Uno, Alabang Zapote Road, Las Pinas City",06/14/2024,2024-09-19 19:59:49.752642,No,No,No,n/a,n/a,No,No,No,No,No,No,No,No
"P580,000",Kia,Sorento,2015,2.2L AT Diesel,SUV,2.2,Automatic,Diesel,"70,000 km",5,"Block 1 lot 2 Dona Cristeta Subd. Pamplona Uno, Alabang Zapote Road, Las Pinas City",06/20/2024,2024-09-19 19:59:51.151576,No,No,No,Manual Air Con,In Dash AM/FM/CD Audio System,Yes,Yes,No,No,No,Yes,Yes,Yes
"P335,000",Mitsubishi,Mirage G4,2014,GLX AT,Sedan,1.2,Automatic,Gasoline,"60,000 km",4,"Block 1 lot 2 Dona Cristeta Subd. Pamplona Uno, Alabang Zapote Road, Las Pinas City",06/23/2024,2024-09-19 19:59:52.332827,No,No,No,Manual Air-conditioning,In Dash CD/AM/FM Audio System,Yes,Yes,No,No,No,Yes,No,No
"P1,005,000",Toyota,Fortuner,2016,2.4L G AT Diesel,SUV,2.4,Automatic,Diesel,"80,000 km",,"Block 1 lot 2 Dona Cristeta Subd. Pamplona Uno, Alabang Zapote Road, Las Pinas City",06/25/2024,2024-09-19 19:59:53.357222,No,No,No,n/a,n/a,No,No,No,No,No,No,No,No
"P910,000",Toyota,Fortuner,2016,2.7L AT Gasoline,SUV,2.7,Automatic,Gasoline,"60,000 km",,"Block 1 lot 2 Dona Cristeta Subd. Pamplona Uno, Alabang Zapote Road, Las Pinas City",06/25/2024,2024-09-19 19:59:53.655151,No,No,No,n/a,n/a,No,No,No,No,No,No,No,No
"P440,000",Toyota,Wigo,2019,1.0 G AT,Hatchback,1.0,Automatic,Gasoline,"20,000 km",5,"Block 1 lot 2 Dona Cristeta Subd. Pamplona Uno, Alabang Zapote Road, Las Pinas City",07/06/2024,2024-09-19 19:59:54.722565,No,No,No,Manual,Navi MP3 Am/Fm,Yes,Yes,No,No,No,No,No,No
"P930,000",Isuzu,mu-X,2019,RZ4E LS-A 4x2 AT,SUV,1.9,Automatic,Diesel,"40,000 km",5,"Block 1 lot 2 Dona Cristeta Subd. Pamplona Uno, Alabang Zapote Road, Las Pinas City",07/07/2024,2024-09-19 19:59:55.021940,No,No,No,n/a,n/a,No,No,No,No,No,No,No,No
"P870,000",Isuzu,mu-X,2017,3.0 LS-A AT,SUV,3,Automatic,Diesel,"50,000 km",5,"Block 1 lot 2 Dona Cristeta Subd. Pamplona Uno, Alabang Zapote Road, Las Pinas City",07/15/2024,2024-09-19 19:59:55.274358,No,No,No,n/a,n/a,No,No,No,No,No,No,No,No
"P590,000",Honda,Mobilio,2017,V AT,AUV,1.5,Automatic,Gasoline,"40,000 km",5,"Block 1 lot 2 Dona Cristeta Subd. Pamplona Uno, Alabang Zapote Road, Las Pinas City",07/21/2024,2024-09-19 19:59:55.600453,No,No,No,powerful AC with manual controls,"2-DIN music system with CD, MP3, USB, iPod, AUX-in, Bluetooth and speakers",Yes,Yes,No,No,No,Yes,Yes,Yes
"P810,000",Hyundai,Tucson,2019,2.0 CRDi GL 4x2 AT,Crossover,2,Automatic,Diesel,"50,000 km",5,"Block 1 lot 2 Dona Cristeta Subd. Pamplona Uno, Alabang Zapote Road, Las Pinas City",07/21/2024,2024-09-19 19:59:56.002100,No,No,No,Manual Air-Conditioning,3.8-inch floating type audio display via 6 speakers,Yes,Yes,No,No,No,,Yes,Yes
"P270,000",Suzuki,APV,2008,GLX MT,MPV,1.6,Manual,Gasoline,"90,000 km",5,"Block 1 lot 2 Dona Cristeta Subd. Pamplona Uno, Alabang Zapote Road, Las Pinas City",07/26/2024,2024-09-19 19:59:56.350903,No,No,No,Manual Air-conditioning,Integrated AM/FM/CD/MP3/AUX/USB,No,No,No,No,No,Yes,Yes,Yes
"P930,000",Nissan,NV350 Urvan,2021,2.5L MT Diesel,Van,2.5,Manual,Diesel,"30,000 km",,"Block 1 lot 2 Dona Cristeta Subd. Pamplona Uno, Alabang Zapote Road, Las Pinas City",07/30/2024,2024-09-19 19:59:56.665160,No,No,No,n/a,n/a,No,No,No,No,No,No,No,No
"P790,000",Kia,Sportage,2018,CRDi,Crossover,2,Automatic,Diesel,"50,000 km",5,"Block 1 lot 2 Dona Cristeta Subd. Pamplona Uno, Alabang Zapote Road, Las Pinas City",07/30/2024,2024-09-19 19:59:57.030898,No,No,No,n/a,n/a,No,No,No,No,No,No,No,No
"P690,000",Ford,Everest,2016,Ambiente (4X2) AT,SUV,2.2,Automatic,Diesel,"70,000 km",5,"Block 1 lot 2 Dona Cristeta Subd. Pamplona Uno, Alabang Zapote Road, Las Pinas City",07/31/2024,2024-09-19 19:59:57.385754,No,No,No,Manual Air Con,In Dash CD/AM/FM Audio System,Yes,Yes,No,No,No,Yes,Yes,Yes
"P1,188,000",Toyota,Hiace,2022,Commuter 3.0 M/T,Van,3,Manual,Diesel,"49,000 km",5,"Aguinaldo Highway Bayan Luna IV Imus, Cavite",08/21/2024,2024-09-19 19:59:57.698840,No,No,No,Dual Manual Controls,2-DIN CD/Tuner/MP3 with USB with Remote Control via 2 Speakers,Yes,Yes,No,No,No,No,No,No
"P1,238,000",Nissan,NV350 Urvan,2023,2.5L MT Diesel,Van,2.5,Manual,Diesel,"31,000 km",,"Aguinaldo Highway Bayan Luna IV Imus, Cavite",07/04/2024,2024-09-19 19:59:58.072234,No,No,No,n/a,n/a,No,No,No,No,No,No,No,No
"P2,100,000",Nissan,Terra,2024,2.5 VL AT 4x4 Aspen Pearl White,SUV,2.5,Automatic,Diesel,"10,470 km",5,"San Lorenzo, Guimaras, Western Visayas",08/29/2024,2024-09-19 19:59:58.324745,Yes,Yes,Yes,Dual-Zone Automatic Climate Control with Rear Cooler,Nissan's 9-inch Advanced Touchscreen Display Audio paired to an 8-speaker Bose Premium Sound System.,Yes,Yes,Yes,Yes,No,,Yes,Yes
"P630,000",Chevrolet,Trailblazer,2017,LTX 2.8 4X2 AT,SUV,2.8,Automatic,Diesel,"54,000 km",5,"Baguio City, Benguet, CAR",08/28/2024,2024-09-19 19:59:58.618066,No,No,No,Manual Controls,7-inch touchscreen with Chevrolet MyLink Infotainment System with Apple CarPlay and SIRI Eyes Free,Yes,Yes,No,No,No,,Yes,Yes
"P589,000",Toyota,LiteAce,2023,1.5L MT Gasoline,Van,1.5,Manual,Gasoline,"5,000 km",,23 Santalia Street Ce Sastro Subdivision Pasig City,06/06/2024,2024-09-19 19:59:59.576596,No,No,No,n/a,n/a,No,No,No,No,No,No,No,No
"P1,700,000",Audi,Q7,2019,3.0 TDI,SUV,3,Automatic,Diesel,"101,000 km",5,"Angeles City, Pampanga, Central Luzon",05/08/2024,2024-09-19 19:59:59.872294,Yes,Yes,Yes,4-zone Automatic Climate Control,8.3-inch Display with Audi Sound System,Yes,Yes,Yes,Yes,No,,Yes,Yes
"P1,158,000",Toyota,Innova,2022,E 2.8L AT Diesel,SUV,2.8,Automatic,Diesel,"10,000 km",,"Aguinaldo Highway Bayan Luna IV Imus, Cavite",04/13/2023,2024-09-19 20:00:00.186645,No,No,No,n/a,n/a,No,No,No,No,No,No,No,No
"P578,000",Mitsubishi,Mirage G4,2022,GLX AT,Sedan,1.2,Automatic,Gasoline,"4,000 km",4,"Aguinaldo Highway Bayan Luna IV Imus, Cavite",10/08/2023,2024-09-19 20:00:01.386447,No,No,No,Manual Air Conditioning,7-inch touchscreen infotainment system,Yes,Yes,No,No,No,No,No,No
"P578,000",Mitsubishi,Mirage G4,2022,GLX AT,Sedan,1.2,Automatic,Gasoline,"4,000 km",4,"Aguinaldo Highway Bayan Luna IV Imus, Cavite",10/08/2023,2024-09-19 20:00:01.856981,No,No,No,Manual Air Conditioning,7-inch touchscreen infotainment system,Yes,Yes,No,No,No,No,No,No
"P918,000",Nissan,Livina,2023,VL 1.5L AT,MPV,1.5,Automatic,Gasoline,"22,000 km",5,"Aguinaldo Highway Bayan Luna IV Imus, Cavite",08/16/2024,2024-09-19 20:00:02.207688,No,Yes,Yes,Dial Type manual with Rear Cooler,7-inch infotainment system with 6-speakers,Yes,Yes,No,No,No,Yes,Yes,Yes
"P468,000",Mitsubishi,Mirage G4,2019,GLS 1.2L A/T,Sedan,1.2,Automatic,Gasoline,"33,000 km",4,"Aguinaldo Highway Bayan Luna IV Imus, Cavite",04/17/2024,2024-09-19 20:00:02.532368,No,No,Yes,Single Zone Automatic Climate Control,7-inch infotainment system,Yes,Yes,No,No,No,Yes,Yes,No
"P778,000",Mitsubishi,L300,2023,FB Dual A/C Euro 4 M/T,Commercial Vehicle,2.2,Manual,Diesel,"14,000 km",3,"Aguinaldo Highway Bayan Luna IV Imus, Cavite",08/15/2024,2024-09-19 20:00:02.881510,No,No,No,Dual Air Conditioning w/ Rear Manual Cooling Controls,Single CD Player with Tuner and Two Speakers,No,No,No,No,No,No,No,No
"P880,000",Chevrolet,Trailblazer,2018,2.8 4x2 LT AT,SUV,2.8,Automatic,Diesel,"11,300 km",5,"Baguio City, Benguet, CAR",08/12/2024,2024-09-19 20:00:04.090602,No,No,No,Manual Controls,7-inch touchscreen with Chevrolet MyLink Infotainment System with Apple CarPlay and SIRI Eyes Free,Yes,Yes,No,No,No,,Yes,Yes
"P7,500,000",Land Rover,Range Rover Sport,2021,Hybrid,SUV,2,Automatic,Gasoline,"28,000 km",5,"Makati City, Metro Manila, NCR",08/12/2024,2024-09-19 20:00:04.365490,Yes,Yes,No,Three Zone Climate Control,"8"" Touchscreen with Bluetooth sharing, Navigation and Voice Control",Yes,Yes,Yes,Yes,Yes,,Yes,Yes
"P113,760",Lonking,Forklift,2014,LG30DT,Commercial Vehicle,,Manual,Diesel,"3,747 km",,"Quezon City, Metro Manila, NCR",07/31/2024,2024-09-19 20:00:04.678727,No,No,No,n/a,n/a,No,No,No,No,No,No,No,No
"P970,000",Ford,Ranger,2021,2.2 XLT 4x2 AT,Pickup Truck,2.2,Automatic,Diesel,"46,000 km",4,"Biñan City, Laguna, CALABARZON",07/28/2024,2024-09-19 20:00:04.950633,Yes,No,No,Single-zone Manual,8-inch LCD Touchscreen via 6 speakers,Yes,Yes,No,No,No,,No,Yes
"P645,000",Toyota,Vios,2022,1.3L XLE CVT Gasoline,Sedan,1.3,CVT,Gasoline,"17,000 km",4,"Pasig City, Metro Manila, NCR",07/11/2024,2024-09-19 20:00:05.249836,No,No,No,"Manual Cooler, Dial Type Control",6.75in Display Audio via 6-speakers,Yes,Yes,Yes,No,No,,No,Yes
"P410,000",Kia,Sportage,2012,2.0 4X AT,SUV,2,Automatic,Gasoline,"70,000 km",5,"Manila, Metro Manila, NCR",07/05/2024,2024-09-19 20:00:06.571234,No,No,No,Multi-Zone A/C,"Premium Sound System,Smart Device Integration,MP3 Player entertainment system",Yes,Yes,Yes,No,No,No,No,No
"P1,250,000",Mitsubishi,Strada,2021,Athlete 4x4 AT,Pickup Truck,2.4,Automatic,Diesel,"30,000 km",4,"Tacloban City, Leyte, Eastern Visayas",07/01/2024,2024-09-19 20:00:06.963763,Yes,Yes,Yes,Dual Zone Automatic Climate Control,7-inch Touchscreen with MirrorLink and 6 speakers,Yes,Yes,Yes,Yes,Yes,,Yes,Yes
"P410,000",Toyota,Vios,2019,1.3 J MT,Sedan,1.3,Manual,Gasoline,"8,745 km",4,"Taytay, Rizal, CALABARZON",07/01/2024,2024-09-19 20:00:07.360465,No,No,No,"Manual Cooler, Dial Type Control",2 DIN with CD and MP3 via 2 Speakers,Yes,Yes,No,No,Yes,,No,No
"P600,000",MG,ZS,2022,1.5 Style MT,Crossover,1.5,Manual,Gasoline,"21,455 km",5,"Pasig City, Metro Manila, NCR",06/27/2024,2024-09-19 20:00:07.714799,Yes,No,No,Manual Temperature Control,Smart Radio via 4 speakers,Yes,Yes,No,No,No,,Yes,Yes
"P2,700,000",Mercedes-Benz,CLA-Class,2023,Progressive AT,Coupe,1.3,Automatic,Gasoline,"3,500 km",4,"Makati City, Metro Manila, NCR",06/25/2024,2024-09-19 20:00:08.031529,Yes,Yes,Yes,Manual Air-Conditioning,High Resolution 7-inch Multimedia system with radio and dual tuner/AUX/USB/iPhone/mp3/SD card/CD/Bluetooth via 6 speakers,Yes,Yes,Yes,Yes,Yes,Yes,Yes,Yes
"P1,050,000",Toyota,Fortuner,2018,G 4x2 AT,SUV,2.4,Automatic,Diesel,"92,500 km",5,"Makati City, Metro Manila, NCR",06/25/2024,2024-09-19 20:00:08.461033,No,No,No,n/a,n/a,No,No,No,No,No,No,No,No
"P1,190,000",Ford,Everest,2019,Titanium 4x2 2.0 AT,SUV,2,Automatic,Diesel,"80,000 km",5,"Quezon City, Metro Manila, NCR",06/21/2024,2024-09-19 20:00:08.767690,Yes,Yes,Yes,Dual-Zone Electronic Automatic Temperature Control,"12"" Colored Portrait Touchscreen with 8 speakers",Yes,Yes,Yes,Yes,Yes,,Yes,Yes
"P2,190,000",Subaru,BRZ,2023,2.4 Eyesight AT,Coupe,2.4,Automatic,Gasoline,"1,950 km",2,"Naga City, Camarines Sur, Bicol Region",06/19/2024,2024-09-19 20:00:09.086139,Yes,Yes,Yes,Automatic Air-Conditioning,8-inch infotainment system,Yes,Yes,Yes,Yes,No,Yes,Yes,Yes
"P425,000",Kia,Bongo,2020,3,Commercial Vehicle,2.9,Manual,Diesel,"142,000 km",2,"Panabo City, Davao Del Norte, Davao Region",06/18/2024,2024-09-19 20:00:09.525157,No,No,No,n/a,n/a,No,No,No,No,No,No,No,No
"P1,250,000",Ford,Explorer,2017,3.5 S 4x4 V6 A/T,SUV,3.5,Automatic,Gasoline,"44,591 km",5,"Taguig City, Metro Manila, NCR",05/27/2024,2024-09-19 20:00:10.337333,No,No,No,"Front, Dual Zone; Rear, Manual",SYNC infotainment audio system remains powered by the Sony system,Yes,Yes,Yes,No,Yes,Yes,No,No
"P495,000",Suzuki,Dzire,2023,1.2 GL+ AGS AT,Sedan,1.2,Automatic,Gasoline,"6,000 km",4,"Quezon City, Metro Manila, NCR",06/07/2024,2024-09-19 20:00:10.667448,No,No,No,Aircon system with rear air vent,7-inch Multimedia Audio via front and rear speakers,Yes,Yes,No,No,No,,Yes,Yes
"P629,000",Toyota,Avanza,2019,G MT,MPV,1.5,Manual,Gasoline,"52,000 km",5,23 Santalia Street Ce Sastro Subdivision Pasig City,06/06/2024,2024-09-19 20:00:11.660534,No,No,No,n/a,n/a,No,No,No,No,No,No,No,No
"P799,000",Nissan,Navara,2019,EL MT,Pickup Truck,,Manual,Diesel,"56,000 km",4,23 Santalia Street Ce Sastro Subdivision Pasig City,06/06/2024,2024-09-19 20:00:12.111889,No,No,No,n/a,n/a,No,No,No,No,No,No,No,No
"P349,000",Isuzu,Crosswind XL,2017,2.5 MT,AUV,2.5,Manual,Diesel,"97,000 km",5,23 Santalia Street Ce Sastro Subdivision Pasig City,06/06/2024,2024-09-19 20:00:12.453793,No,No,No,n/a,n/a,Yes,Yes,No,No,No,No,No,No
"P519,000",Toyota,Vios,2020,XLE 1.3 A/T,Sedan,1.3,Automatic,Gasoline,"25,000 km",4,23 Santalia Street Ce Sastro Subdivision Pasig City,06/06/2024,2024-09-19 20:00:12.830936,No,No,No,"Manual Cooler, Dial Type Control",6.75in Display Audio via 4-speakers,Yes,Yes,No,No,Yes,,No,Yes
"P899,000",Mitsubishi,Xpander,2022,Cross 1.5 AT,MPV,1.5,Automatic,Gasoline,"33,000 km",5,23 Santalia Street Ce Sastro Subdivision Pasig City,06/06/2024,2024-09-19 20:00:13.171094,Yes,Yes,Yes,Automatic Climate Control,7-inch touchscreen infotainment system,Yes,Yes,No,No,No,,Yes,Yes
"P859,000",Nissan,NV350 Urvan,2020,2.5L MT Diesel,Van,,Manual,Diesel,"73,000 km",,23 Santalia Street Ce Sastro Subdivision Pasig City,06/06/2024,2024-09-19 20:00:14.536948,No,No,No,n/a,n/a,No,No,No,No,No,No,No,No
"P619,000",Hyundai,Kona,2020,AT,Crossover,2,Automatic,Gasoline,"63,000 km",5,23 Santalia Street Ce Sastro Subdivision Pasig City,06/06/2024,2024-09-19 20:00:14.832914,No,No,No,n/a,n/a,No,No,No,No,No,No,No,No
"P565,000",Toyota,Avanza,2019,1.3 E AT,MPV,1.3,Automatic,Gasoline,"39,800 km",5,"Imus City, Cavite, CALABARZON",06/03/2024,2024-09-19 20:00:15.605211,No,No,No,Manual Air Conditioning,n/a,Yes,Yes,No,No,No,Yes,Yes,Yes
"P1,890,000",Ford,Ranger,2022,RAPTOR 2.0L Bi-Turbo 4x4 A/T,Pickup Truck,2,Automatic,Diesel,"21,000 km",4,"Muntinlupa City, Metro Manila, NCR",05/31/2024,2024-09-19 20:00:15.973117,Yes,Yes,No,Dual-zone automatic climate control,Eight-inch color touchscreen with Apple CarPlay and Android Auto,Yes,Yes,Yes,Yes,No,,Yes,Yes
"P750,000",Mitsubishi,L300,2023,FB Dual A/C Euro 4 M/T,Commercial Vehicle,2.2,Manual,Diesel,"7,000 km",3,"Valenzuela City, Metro Manila, NCR",05/15/2024,2024-09-19 20:00:16.288706,No,No,No,Dual Air Conditioning w/ Rear Manual Cooling Controls,Single CD Player with Tuner and Two Speakers,No,No,No,No,No,No,No,No
"P1,075,999",Mitsubishi,Montero Sport,2017,GLS AT,SUV,2.5,Automatic,Diesel,"18,700 km",5,"Makati City, Metro Manila, NCR",05/13/2024,2024-09-19 20:00:16.732621,Yes,No,Yes,dual air-conditioning with a separate rear aircon control,CD/MP3/WMA player by JVC with 4-speaker,Yes,Yes,No,No,No,,Yes,Yes
"P1,600,000",Nissan,Patrol,2016,3.0L 4X4 AT Diesel,SUV,3,Automatic,Diesel,"60,000 km",5,"Makati City, Metro Manila, NCR",04/15/2024,2024-09-19 20:00:17.809756,Yes,Yes,Yes,Tri-Zone Automatic Climate Control,Nissan 12.3-inch advanced touchscreen display,Yes,Yes,Yes,Yes,No,Yes,Yes,Yes
"P700,000",Ford,Explorer,2014,2.0 Ecoboost AT,SUV,2,Automatic,Gasoline,"90,000 km",5,"Silang, Cavite, CALABARZON",04/11/2024,2024-09-19 20:00:18.061108,Yes,No,Yes,Automatic Climate Control,n/a,Yes,Yes,Yes,No,No,,Yes,Yes
"P1,000,000",Ford,Ranger,2014,DBL 2.2L,Pickup Truck,2.2,Manual,Diesel,"74,000 km",4,"Angeles City, Pampanga, Central Luzon",04/01/2024,2024-09-19 20:00:18.379871,No,No,No,n/a,n/a,Yes,Yes,Yes,Yes,No,Yes,Yes,No
"P1,100,000",MG,HS,2022,Trophy 1.5 Turbo A/T,Crossover,1.5,Automatic,Gasoline,"18,000 km",5,"Mandaluyong City, Metro Manila, NCR",03/25/2024,2024-09-19 20:00:18.682902,Yes,Yes,Yes,Dual-Zone Automatic Climate Control,10-inch infotainment system,Yes,Yes,Yes,No,No,Yes,Yes,Yes
"P1,420,000",Mitsubishi,Montero Sport,2020,GT 2.4 4x2 AT,SUV,2.4,Automatic,Diesel,"27,000 km",5,"Taguig City, Metro Manila, NCR",03/22/2024,2024-09-19 20:00:18.945127,Yes,Yes,Yes,Dual Zone Automatic Climate Control,"8-inch Smart Display Audio LCD Touchscreen Tuner, USB, Bluetooth, HDMI with Android Auto and Apple Carplay via 6 Speakers",Yes,Yes,Yes,Yes,No,,No,No
"P1,000,000",Ford,Territory,2022,Titanium Plus 1.5 AT,Crossover,,Automatic,Gasoline,"7,021 km",5,"Opol, Misamis Oriental, Northern Mindanao",03/16/2024,2024-09-19 20:00:19.772609,Yes,Yes,Yes,Dual-Zone Electronic Air Temperature Control,12” Colored Touchscreen with 6 speakers,Yes,Yes,Yes,Yes,No,,Yes,Yes
"P500,000",Toyota,Wigo,2022,1.0L G AT Gasoline,Hatchback,1,Automatic,Gasoline,"3,850 km",,"Magalang, Pampanga, Central Luzon",03/07/2024,2024-09-19 20:00:20.049299,No,No,Yes,Knob type air conditioner,8-inch Display Audio,Yes,Yes,No,No,No,,Yes,Yes
"P510,000",MINI,Cooper,2005,AT,Sedan,1.6,Automatic,Gasoline,"68,000 km",,"Taytay, Rizal, CALABARZON",03/04/2024,2024-09-19 20:00:20.856611,Yes,Yes,Yes,n/a,n/a,Yes,Yes,Yes,Yes,No,No,Yes,Yes
"P680,000",Mitsubishi,Mirage G4,2023,GLX 1.2 AT,Sedan,1.2,Automatic,Gasoline,"5,400 km",,"Cebu City, Cebu, Central Visayas",03/03/2024,2024-09-19 20:00:21.236021,No,No,No,Manual Air-Conditioning,7-inch infotainment system,Yes,Yes,No,No,No,No,Yes,No
"P690,000",Volkswagen,Santana,2019,1.5 MPIA,Wagon,1.5,Automatic,Gasoline,"26,300 km",,"Taguig City, Metro Manila, NCR",02/29/2024,2024-09-19 20:00:21.658105,No,No,No,Air-Conditioning with pollen filter,Tuner AM/FM via 2 speakers,Yes,Yes,No,No,No,No,Yes,No
"P950,000",Ford,Everest,2018,Titanium A/T,SUV,2.2,Automatic,Diesel,"100,000 km",5,"Lipa City, Batangas, CALABARZON",02/07/2024,2024-09-19 20:00:22.541869,Yes,Yes,No,dual-zone automatic climate control,"SYNC 3 ,AM/FM radio, CD, MP3, Aux and USB, it also comes with Apple CarPlay, Android Auto",Yes,Yes,Yes,Yes,No,No,Yes,Yes
"P700,000",Suzuki,Ertiga,2020,1.5 GL AT,MPV,1.5,Automatic,Gasoline,"12,387 km",5,"Taguig City, Metro Manila, NCR",01/12/2024,2024-09-19 20:00:22.866378,No,No,No,Manual Air Conditioning,n/a,Yes,Yes,No,No,No,,Yes,Yes
"P950,000",Mazda,3 Hatchback,2020,7G 2.0 AT,Hatchback,2,Automatic,Gasoline,"10,300 km",,"Makati City, Metro Manila, NCR",01/19/2024,2024-09-19 20:00:23.160081,No,Yes,No,n/a,n/a,No,No,No,No,No,No,No,No
"P629,000",MG,RX5,2019,1.5 A/T,Crossover,1.5,Automatic,Gasoline,"70,000 km",5,23 Santalia Street Ce Sastro Subdivision Pasig City,10/27/2023,2024-09-19 20:00:23.465606,Yes,Yes,Yes,Electronic Climate Control,8-inch touchscreen with multi-media player via 6 speakers,Yes,Yes,Yes,Yes,No,,Yes,Yes
"P330,000",Hyundai,Tucson,2012,Theta II 2.0 4x2 MT Gasoline,SUV,2,Manual,Gasoline,"88,600 km",,"Calamba City, Laguna, CALABARZON",01/10/2024,2024-09-19 20:00:23.762942,No,No,No,n/a,n/a,Yes,Yes,No,No,No,,Yes,No
"P1,750,000",Toyota,86,2019,2.0L AT,Coupe,2,Automatic,Gasoline,"7,000 km",,"Mandaue City, Cebu, Central Visayas",01/03/2024,2024-09-19 20:00:24.113678,No,No,No,n/a,"7.0-inch touchscreen system equipped with Bluetooth, HD radio, and a USB 2.0 port.",Yes,Yes,Yes,No,No,Yes,No,No
"P1,179,000",Nissan,NV350 Urvan,2019,Premium AT,Van,,Automatic,Diesel,"67,000 km",4,"Quezon City, Metro Manila, NCR",11/27/2023,2024-09-19 20:00:24.860418,No,No,No,n/a,n/a,No,No,No,No,No,No,No,No
"P1,850,000",Nissan,Patrol Royale,2013,5.6 V8 4x4 AT,Wagon,,Automatic,Gasoline,"120,000 km",,"Pasig City, Metro Manila, NCR",11/21/2022,2024-09-19 20:00:25.567164,No,No,No,n/a,n/a,No,No,No,No,No,No,No,No
"P5,600,000",Land Rover,Range Rover Evoque,2023,AT,SUV,2,Automatic,Diesel,70 km,,"Mandaluyong City, Metro Manila, NCR",10/19/2023,2024-09-19 20:00:25.924852,Yes,Yes,Yes,Automatic Climate Control,5” Color TFT Screen with 8 Speakers,Yes,Yes,Yes,Yes,Yes,,Yes,Yes
"P750,000",Mazda,CX-5,2014,2.5 AWD Sport,Crossover,2.5,Automatic,Gasoline,"44,000 km",5,"Taguig City, Metro Manila, NCR",10/14/2023,2024-09-19 20:00:26.292689,No,Yes,Yes,Electric Automatic Dual Zone Temperature Control,"7-inch Information Display with Command Mode, AM/FM/CD/USB/MP3/AUX-In with 9 Speaker BOSE Sound Systems",Yes,Yes,Yes,Yes,No,,Yes,Yes
"P550,000",Nissan,Juke,2016,1.6 CVT,SUV,,CVT,Gasoline,"40,000 km",,"Paranaque City, Metro Manila, NCR",10/13/2023,2024-09-19 20:00:27.256734,No,No,No,n/a,n/a,No,No,No,No,No,No,No,No
"P950,000",Nissan,Navara,2018,2.5 EL Calibre Sport Edition AT 4x2,Pickup Truck,2.5,Automatic,Diesel,"74,000 km",4,"Marikina City, Metro Manila, NCR",10/11/2023,2024-09-19 20:00:27.616492,No,No,No,Manual Air Conditioning with Rear Vent,2-DIN CD/Tuner/MP3 with 4 speakers and 2 tweeters,Yes,Yes,No,No,No,,Yes,Yes
"P1,460,000",Ford,Ranger Raptor,2019,2.0 Biturbo 4X4 AT,Pickup Truck,2,Automatic,Diesel,"26,000 km",4,"Makati City, Metro Manila, NCR",10/09/2023,2024-09-19 20:00:27.945974,Yes,Yes,Yes,Dual-zone EATC,"8-inch Multi-function TFT Touch Screen Display, AM/FM/CD and SYNC 3 via 6 speakers",Yes,Yes,Yes,Yes,No,,Yes,Yes
"P830,000",Toyota,Hilux,2013,G 3.0 4X4 AT,Pickup Truck,3,Automatic,Diesel,"114,000 km",,"Paranaque City, Metro Manila, NCR",09/20/2023,2024-09-19 20:00:28.204966,No,No,No,n/a,n/a,No,No,No,No,No,No,No,No
"P1,550,000",Chery,Tiggo 8,2022,PRO AT,SUV,1.6,Automatic,Gasoline,"6,600 km",,"Cebu City, Cebu, Central Visayas",08/24/2023,2024-09-19 20:00:29.138094,Yes,Yes,Yes,Dual-Zone Automatic Climate Control,12.3 LCD Touchscreen,Yes,Yes,Yes,Yes,No,,Yes,Yes
"P340,000",Subaru,Forester,2010,2.0X AT Gasoline,SUV,2,Automatic,Gasoline,"99,000 km",,"Quezon City, Metro Manila, NCR",08/22/2023,2024-09-19 20:00:29.991870,No,No,No,n/a,n/a,No,No,No,No,No,No,No,No
"P750,000",Maxus,V80,2020,Flex 2.5L diesel MT,Van,2.5,Manual,Diesel,"2,800 km",,"Quezon City, Metro Manila, NCR",08/10/2023,2024-09-19 20:00:30.329340,No,No,No,Front and Rear Airconditioning System,"Radio Tuner, 4 Speakers",Yes,Yes,No,No,No,,Yes,No
"P235,000",Mitsubishi,Adventure,1999,AT Gasoline,MPV,,Automatic,Gasoline,"180,000 km",,"Taytay, Palawan, MIMAROPA",08/09/2023,2024-09-19 20:00:30.705090,No,No,No,n/a,n/a,No,No,No,No,No,No,No,No
"P520,000",Honda,City,2016,1.5 VX Navi AT,Sedan,1.5,Automatic,Gasoline,"68,000 km",,"San Jose del Monte City, Bulacan, Central Luzon",07/07/2023,2024-09-19 20:00:31.173633,No,No,No,n/a,n/a,No,No,No,No,No,No,No,No
"P520,000",Toyota,Fortuner,2010,G AT Gasoline,SUV,2.7,Automatic,Gasoline,"115,000 km",5,"Makati City, Metro Manila, NCR",07/04/2023,2024-09-19 20:00:31.671824,No,No,No,n/a,n/a,No,No,No,No,No,No,No,No
"P2,000,000",Lexus,NX,2018,300 2.0 Gas AT,Crossover,2,Automatic,Gasoline,"40,000 km",,"Pasig City, Metro Manila, NCR",06/26/2023,2024-09-19 20:00:32.806547,No,No,No,n/a,n/a,No,No,No,No,No,No,No,No
"P660,000",Toyota,Innova,2017,2.8 J Diesel MT,MPV,2.8,Manual,Diesel,"83,280 km",,"Paranaque City, Metro Manila, NCR",05/31/2023,2024-09-19 20:00:33.240119,No,No,No,n/a,n/a,No,No,No,No,No,No,No,No
"P355,000",Mitsubishi,Adventure,2011,GLX 2 MT,MPV,,Manual,Diesel,"151,000 km",,"Cavite City, Cavite, CALABARZON",05/29/2023,2024-09-19 20:00:33.643865,No,No,No,n/a,n/a,No,No,No,No,No,No,No,No
"P3,850,000",BMW,520i,2022,Limousine 2.0 AT Gasoline,Sedan,2,Automatic,Gasoline,"4,500 km",,"Pasay City, Metro Manila, NCR",05/08/2023,2024-09-19 20:00:34.021891,No,No,No,n/a,n/a,No,No,No,No,No,No,No,No
"P565,000",Toyota,Wigo,2022,1.0L G AT Gasoline,Hatchback,1,Automatic,Gasoline,"16,500 km",,"Dipolog City, Zamboanga Del Norte, Zamboanga Peninsula",04/17/2023,2024-09-19 20:00:34.796906,No,No,Yes,Knob type air conditioner,8-inch Display Audio,Yes,Yes,No,No,No,,Yes,Yes
"P2,130,000",Jeep,Grand Cherokee,2015,Summit 3.6L V6 AT,SUV,,Automatic,Diesel,"24,000 km",,"Taguig City, Metro Manila, NCR",04/13/2023,2024-09-19 20:00:35.145159,No,No,No,n/a,n/a,No,No,No,No,No,No,No,No
"P750,000",Mitsubishi,Xpander,2019,GLS Sport AT,MPV,1.5,Automatic,Gasoline,"16,563 km",5,"Pasig City, Metro Manila, NCR",03/22/2023,2024-09-19 20:00:35.504522,Yes,No,Yes,Manual Air-Conditioning with rear vents,"7-inch touchscreen headunit with 6 speakers, 2 tweeters, and GPS Navigation",Yes,Yes,No,No,No,,Yes,No
"P1,330,000",Ford,Explorer,2016,SportEcoboost 4X4 3.5L AT,SUV,,Automatic,Gasoline,"63,000 km",,"Makati City, Metro Manila, NCR",03/15/2023,2024-09-19 20:00:36.859804,No,No,No,n/a,n/a,No,No,No,No,No,No,No,No
"P1,450,000",Ford,Ranger,2019,Wildtrak 2.0L Biturbo 4x4 AT,Pickup Truck,,Automatic,Diesel,"17,600 km",,"Cabuyao City, Laguna, CALABARZON",09/13/2022,2024-09-19 20:00:37.362613,No,No,No,n/a,n/a,No,No,No,No,No,No,No,No
"P1,800,000",Mercedes-Benz,C250 AMG,2013,CGI Coupe,Coupe,,Automatic,Gasoline,"45,000 km",,"Olongapo City, Zambales, Central Luzon",09/12/2022,2024-09-19 20:00:37.925539,No,No,No,n/a,n/a,No,No,No,No,No,No,No,No
"P2,400,000",Toyota,86,2013,Aero MT,Coupe,2,Manual,Gasoline,"35,000 km",2,"Silang, Cavite, CALABARZON",08/28/2022,2024-09-19 20:00:38.509077,No,No,Yes,Automatic Climate Control,Integrated AM/FM/CD/MP3/AUX/USB,Yes,Yes,Yes,Yes,Yes,Yes,Yes,Yes
"P788,000",Suzuki,Ertiga,2020,1.5L AT Gasoline,MPV,1.5,Automatic,Gasoline,"12,400 km",5,"San Pedro City, Laguna, CALABARZON",08/27/2022,2024-09-19 20:00:38.917907,No,No,No,n/a,n/a,No,No,No,No,No,No,No,No
"P600,000",Suzuki,Ertiga,2021,GA MT,MPV,,Manual,Gasoline,"2,500 km",,"Meycauayan City, Bulacan, Central Luzon",08/19/2022,2024-09-19 20:00:39.248847,No,No,No,n/a,n/a,No,No,No,No,No,No,No,No
"P950,000",Kia,Sportage,2017,GT-Line AT,Crossover,2,Automatic,Gasoline,"38,971 km",,"Pasay City, Metro Manila, NCR",08/10/2022,2024-09-19 20:00:40.112830,No,No,No,n/a,n/a,No,No,No,No,No,No,No,No
"P385,000",Hyundai,Accent,2016,1.6L AT Diesel,Sedan,1.6,Automatic,Diesel,"105,000 km",,"Las Pinas City, Metro Manila, NCR",08/09/2022,2024-09-19 20:00:40.459759,No,No,No,Manual Air Conditioning,In Dash CD/AM/FM Audio System,No,No,No,No,No,No,No,No
"P520,000",Mazda,CX-5,2012,2.0L AT Gas,SUV,2.0,Automatic,Gasoline,"48,000 km",5,"Manila, Metro Manila, NCR",08/02/2022,2024-09-19 20:00:40.852787,No,No,No,Automatic,LCD MP3 AM/FM,Yes,No,No,No,No,No,No,No
"P350,000",Foton,Gratour,2019,Midi 1.5 FB Type,Minivan,1.5,Manual,Gasoline,"17,000 km",3,"Las Pinas City, Metro Manila, NCR",07/31/2022,2024-09-19 20:00:41.661245,No,No,No,n/a,n/a,No,No,No,No,No,No,No,No
"P550,000",Toyota,Vios,2019,1.3L E AT GASOLINE,Sedan,1.3,Automatic,Gasoline,"20,000 km",4,"Block 1 lot 2 Dona Cristeta Subd. Pamplona Uno, Alabang Zapote Road, Las Pinas City",08/19/2024,2024-09-19 20:00:42.027623,No,No,No,n/a,n/a,Yes,Yes,No,No,No,No,No,No
"P1,118,000",Toyota,Innova,2023,E 2.8L AT Diesel,MPV,2.8,Automatic,Diesel,"14,000 km",,"Car City Garage and Sell, Roxas Boulevard corner Seaside Drive, Parañaque City, Metro Manila, Philippines",09/16/2024,2024-09-19 20:00:42.493649,No,No,No,n/a,n/a,No,No,No,No,No,No,No,No
"P498,000",Chery,Tiggo 2,2024,1.5L AT Gasoline,Crossover,1.5,Automatic,Gasoline,"2,000 km",,"Car City Garage and Sell, Roxas Boulevard corner Seaside Drive, Parañaque City, Metro Manila, Philippines",09/16/2024,2024-09-19 20:00:43.512408,No,No,No,n/a,n/a,No,No,No,No,No,No,No,No
"P1,518,000",Toyota,Fortuner,2023,G 2.4L AT Diesel,SUV,2.4,Automatic,Diesel,"24,000 km",,"Car City Garage and Sell, Roxas Boulevard corner Seaside Drive, Parañaque City, Metro Manila, Philippines",09/16/2024,2024-09-19 20:00:43.836892,No,No,No,n/a,n/a,No,No,No,No,No,No,No,No
"P1,298,000",Mitsubishi,Strada,2022,Athlete 2.4L 4X4 AT Diesel,Pickup Truck,2.4,Automatic,Diesel,"23,000 km",,"Car City Garage and Sell, Roxas Boulevard corner Seaside Drive, Parañaque City, Metro Manila, Philippines",09/16/2024,2024-09-19 20:00:44.089208,No,No,No,n/a,n/a,No,No,No,No,No,No,No,No
"P348,000",Nissan,Sylphy,2015,1.6L AT Gasoline,Sedan,1.6,Automatic,Gasoline,"60,000 km",4,"Mandaluyong City, Metro Manila, NCR",09/16/2024,2024-09-19 20:00:44.373894,No,No,No,Manual Air Con,In Dash AM/FM/CD Audio System,Yes,Yes,No,No,No,No,No,No
"P380,000",Toyota,Vios,2014,1.3 E AT,Sedan,1.3,Automatic,Gasoline,"80,000 km",4,"Block 1 lot 2 Dona Cristeta Subd. Pamplona Uno, Alabang Zapote Road, Las Pinas City",08/19/2024,2024-09-19 20:00:45.877046,No,No,No,n/a,n/a,No,No,No,No,No,No,No,No
"P998,000",Toyota,Hiace Commuter,2021,3.0 MT,Van,,Manual,Diesel,"35,000 km",,"Car City Garage and Sell, Roxas Boulevard corner Seaside Drive, Parañaque City, Metro Manila, Philippines",09/14/2024,2024-09-19 20:00:46.257235,No,No,No,n/a,n/a,No,No,No,No,No,No,No,No
"P678,000",Geely,Coolray,2022,SE 1.5 Sport AT,Crossover,1.5,Automatic,Gasoline,"19,000 km",5,"Car City Garage and Sell, Roxas Boulevard corner Seaside Drive, Parañaque City, Metro Manila, Philippines",09/14/2024,2024-09-19 20:00:46.704206,No,No,No,n/a,n/a,No,No,No,No,No,No,No,No
"P2,300,000",Toyota,Alphard,2018,3.5 AT (Luxury White Pearl),Minivan,3.5,Automatic,Gasoline,"130,608 km",5,"Taguig City, Metro Manila, NCR",09/12/2024,2024-09-19 20:00:47.178361,Yes,Yes,Yes,Auto Aircon with Nanoe and Auto Recirculation,9-inch Display Audio,Yes,Yes,Yes,Yes,Yes,,Yes,Yes
"P678,000",Toyota,Vios,2024,XLE 1.3L CVT Gasoline,Sedan,1.3,CVT,Gasoline,"6,000 km",,"Car City Garage and Sell, Roxas Boulevard corner Seaside Drive, Parañaque City, Metro Manila, Philippines",09/09/2024,2024-09-19 20:00:47.609649,No,No,No,n/a,n/a,No,No,No,No,No,No,No,No
"P558,000",Toyota,Vios XLE,2022,1.3L CVT Gasoline,Sedan,1.3,CVT,Gasoline,"17,000 km",,"Car City Garage and Sell, Roxas Boulevard corner Seaside Drive, Parañaque City, Metro Manila, Philippines",09/09/2024,2024-09-19 20:00:48.011676,No,No,No,n/a,n/a,No,No,No,No,No,No,No,No
"P538,000",Toyota,Vios XLE,2021,1.3L CVT Gasoline,Sedan,1.3,CVT,Gasoline,"27,000 km",4,"Car City Garage and Sell, Roxas Boulevard corner Seaside Drive, Parañaque City, Metro Manila, Philippines",09/09/2024,2024-09-19 20:00:48.823138,No,No,No,n/a,n/a,No,No,No,No,No,No,No,No
"P518,000",Toyota,Vios XLE,2021,1.3L CVT Gasoline,Sedan,1.3,CVT,Gasoline,"23,000 km",4,"Car City Garage and Sell, Roxas Boulevard corner Seaside Drive, Parañaque City, Metro Manila, Philippines",09/01/2024,2024-09-19 20:00:49.673039,No,No,No,n/a,n/a,No,No,No,No,No,No,No,No
"P538,000",Toyota,Vios XLE,2021,1.3L CVT Gasoline,Sedan,1.3,CVT,Gasoline,"27,000 km",4,"Car City Garage and Sell, Roxas Boulevard corner Seaside Drive, Parañaque City, Metro Manila, Philippines",09/09/2024,2024-09-19 20:00:49.928898,No,No,No,n/a,n/a,No,No,No,No,No,No,No,No
"P518,000",Toyota,Vios XLE,2021,1.3L CVT Gasoline,Sedan,1.3,CVT,Gasoline,"23,000 km",4,"Car City Garage and Sell, Roxas Boulevard corner Seaside Drive, Parañaque City, Metro Manila, Philippines",09/01/2024,2024-09-19 20:00:50.228404,No,No,No,n/a,n/a,No,No,No,No,No,No,No,No
"P518,000",Mitsubishi,Mirage G4,2023,GLX 1.2 AT,Sedan,1.2,Automatic,Gasoline,"13,000 km",,"Car City Garage and Sell, Roxas Boulevard corner Seaside Drive, Parañaque City, Metro Manila, Philippines",09/01/2024,2024-09-19 20:00:50.583318,No,No,No,Manual Air-Conditioning,7-inch infotainment system,Yes,Yes,No,No,No,No,Yes,No
"P1,148,000",Toyota,Innova,2023,E 2.8L AT Diesel,AUV,2.8,Automatic,Diesel,"20,000 km",,"Car City Garage and Sell, Roxas Boulevard corner Seaside Drive, Parañaque City, Metro Manila, Philippines",08/31/2024,2024-09-19 20:00:50.947100,No,No,No,n/a,n/a,No,No,No,No,No,No,No,No
"P758,000",Mitsubishi,L300,2024,2.5L MT Diesel,Minivan,2.5,Manual,Diesel,"3,000 km",,"Car City Garage and Sell, Roxas Boulevard corner Seaside Drive, Parañaque City, Metro Manila, Philippines",08/31/2024,2024-09-19 20:00:51.346285,No,No,No,n/a,n/a,No,No,No,No,No,No,No,No
"P588,000",Suzuki,Dzire,2024,1.5L CVT Gasoline,Sedan,1.5,CVT,Gasoline,"2,000 km",,"Car City Garage and Sell, Roxas Boulevard corner Seaside Drive, Parañaque City, Metro Manila, Philippines",08/31/2024,2024-09-19 20:00:51.739739,No,No,No,n/a,n/a,No,No,No,No,No,No,No,No
"P918,000",Toyota,Rush,2023,1.5 GR-S A/T,SUV,1.5,Automatic,Gasoline,"10,000 km",5,"Car City Garage and Sell, Roxas Boulevard corner Seaside Drive, Parañaque City, Metro Manila, Philippines",08/30/2024,2024-09-19 20:00:52.142368,No,No,Yes,Automatic Climate Control,Seven-inch infotainment system with Apple CarPlay and Android Auto connectivity,Yes,Yes,No,Yes,No,,Yes,Yes
"P368,000",Toyota,Wigo,2018,G 1.0 AT,Hatchback,1,Automatic,Gasoline,"45,000 km",5,"Car City Garage and Sell, Roxas Boulevard corner Seaside Drive, Parañaque City, Metro Manila, Philippines",08/30/2024,2024-09-19 20:00:52.639049,No,No,Yes,LCD Air Conditioner Panel,7-inch touchscreen Audio AM/FM,Yes,Yes,No,No,No,,Yes,Yes
"P598,000",Toyota,Vios,2023,1.3 XLE A/T,Sedan,1.3,Automatic,Gasoline,"11,000 km",4,"Car City Garage and Sell, Roxas Boulevard corner Seaside Drive, Parañaque City, Metro Manila, Philippines",08/30/2024,2024-09-19 20:00:52.892190,No,No,No,"Manual Cooler, Dial Type Control",6.75in Display Audio via 4-speakers,Yes,Yes,No,No,Yes,,No,Yes
"P518,000",MG,ZS,2021,ALPHA 1.5L AT,Crossover,1.5,Automatic,Gasoline,"20,000 km",5,"Car City Garage and Sell, Roxas Boulevard corner Seaside Drive, Parañaque City, Metro Manila, Philippines",08/29/2024,2024-09-19 20:00:54.052793,Yes,Yes,Yes,Automatic Climate Control,Sound System with 6 Speakers,Yes,Yes,Yes,No,No,No,Yes,No
"P518,000",Toyota,Vios XLE,2021,1.3L CVT Gasoline,Sedan,1.3,CVT,Gasoline,"32,000 km",4,"Car City Garage and Sell, Roxas Boulevard corner Seaside Drive, Parañaque City, Metro Manila, Philippines",08/29/2024,2024-09-19 20:00:54.858559,No,No,No,n/a,n/a,No,No,No,No,No,No,No,No
"P719,000",Mitsubishi,Xpander,2019,GLS 1.5L AT Gasoline,SUV,1.5,Automatic,Gasoline,76 km,,23 Santalia Street Ce Sastro Subdivision Pasig City,08/27/2024,2024-09-19 20:00:55.124694,No,No,No,n/a,n/a,No,No,No,No,No,No,No,No
"P359,000",Chevrolet,Sail,2017,1.5 AT,Sedan,1.5,Automatic,Gasoline,"39,000 km",5,23 Santalia Street Ce Sastro Subdivision Pasig City,08/27/2024,2024-09-19 20:00:56.207411,No,No,No,n/a,n/a,No,No,No,No,No,No,No,No
"P958,000",Toyota,Hiace,2014,GL Grandia 3.0L MT Diesel,Minivan,3,Manual,Diesel,"19,000 km",,"Car City Garage and Sell, Roxas Boulevard corner Seaside Drive, Parañaque City, Metro Manila, Philippines",08/25/2024,2024-09-19 20:00:56.546018,No,No,No,n/a,n/a,No,No,No,No,No,No,No,No
"P588,000",Toyota,Vios,2023,XLE 1.3L CVT Gasoline,Sedan,1.3,CVT,Gasoline,"20,000 km",,"Car City Garage and Sell, Roxas Boulevard corner Seaside Drive, Parañaque City, Metro Manila, Philippines",08/25/2024,2024-09-19 20:00:56.974479,No,No,No,n/a,n/a,No,No,No,No,No,No,No,No
"P1,298,000",Toyota,Hilux,2021,Conquest 2.8L AT Diesel,Pickup Truck,2.8,Automatic,Diesel,"21,000 km",,"Car City Garage and Sell, Roxas Boulevard corner Seaside Drive, Parañaque City, Metro Manila, Philippines",08/25/2024,2024-09-19 20:00:57.340391,No,No,No,n/a,n/a,No,No,No,No,No,No,No,No
"P1,038,000",Toyota,Hiace Commuter,2021,3.0 MT,Van,,Manual,Diesel,"36,000 km",,"Car City Garage and Sell, Roxas Boulevard corner Seaside Drive, Parañaque City, Metro Manila, Philippines",08/25/2024,2024-09-19 20:00:58.557289,No,No,No,n/a,n/a,No,No,No,No,No,No,No,No
"P458,000",MG,ZS,2020,1.5 Style A/T,Crossover,1.5,Automatic,Gasoline,"28,000 km",5,"Car City Garage and Sell, Roxas Boulevard corner Seaside Drive, Parañaque City, Metro Manila, Philippines",08/24/2024,2024-09-19 20:00:58.931124,Yes,Yes,Yes,Manual Temperature Control,10-inch touchscreen with Multi-media player,Yes,Yes,No,No,No,,Yes,Yes
"P788,000",Honda,City,2024,1.5L AT Gasoline,Sedan,1.5,Automatic,Gasoline,"9,000 km",,"Car City Garage and Sell, Roxas Boulevard corner Seaside Drive, Parañaque City, Metro Manila, Philippines",08/22/2024,2024-09-19 20:00:59.211787,No,No,No,n/a,n/a,No,No,No,No,No,No,No,No
"P528,000",MG,ZS,2022,1.5 Alpha A/T,Crossover,1.5,Automatic,Gasoline,"14,000 km",5,"Car City Garage and Sell, Roxas Boulevard corner Seaside Drive, Parañaque City, Metro Manila, Philippines",08/21/2024,2024-09-19 20:00:59.526889,Yes,Yes,Yes,Electronic Climate Control,8-inch touchscreen with multi-media player via 6 speakers,Yes,Yes,Yes,Yes,No,,Yes,Yes
"P488,000",Ford,EcoSport,2019,Trend 1.5L AT Gasoline,Crossover,1.5,Automatic,Gasoline,"36,000 km",,"Car City Garage and Sell, Roxas Boulevard corner Seaside Drive, Parañaque City, Metro Manila, Philippines",08/19/2024,2024-09-19 20:00:59.782887,No,No,No,n/a,n/a,No,No,No,No,No,No,No,No
"P788,000",Hyundai,Grand Starex,2016,VGT A/T,SUV,2.5,Automatic,Diesel,"36,000 km",5,"Car City Garage and Sell, Roxas Boulevard corner Seaside Drive, Parañaque City, Metro Manila, Philippines",08/18/2024,2024-09-19 20:01:00.054076,No,No,No,Manual Air Conditioning,1-DIN AM / FM / CD / WMA With AUX & USB,Yes,Yes,No,No,No,No,No,Yes
"P758,000",Geely,Coolray,2023,Sport SE 1.5L AT Gasoline,SUV,1.5,Automatic,Gasoline,"22,000 km",,"Car City Garage and Sell, Roxas Boulevard corner Seaside Drive, Parañaque City, Metro Manila, Philippines",08/16/2024,2024-09-19 20:01:00.387517,No,No,No,n/a,n/a,No,No,No,No,No,No,No,No
"P758,000",Geely,Coolray,2023,Sport SE 1.5L AT Gasoline,SUV,1.5,Automatic,Gasoline,"22,000 km",,"Car City Garage and Sell, Roxas Boulevard corner Seaside Drive, Parañaque City, Metro Manila, Philippines",08/16/2024,2024-09-19 20:01:00.794189,No,No,No,n/a,n/a,No,No,No,No,No,No,No,No
"P848,000",Toyota,Rush,2022,1.5 G AT,MPV,1.5,Automatic,Gasoline,"20,000 km",5,"Car City Garage and Sell, Roxas Boulevard corner Seaside Drive, Parañaque City, Metro Manila, Philippines",08/16/2024,2024-09-19 20:01:01.164361,No,No,No,n/a,n/a,No,No,No,No,No,No,No,No
"P518,000",Toyota,Wigo,2023,1.0 G CVT,Hatchback,1,CVT,Gasoline,"18,000 km",5,"Car City Garage and Sell, Roxas Boulevard corner Seaside Drive, Parañaque City, Metro Manila, Philippines",08/16/2024,2024-09-19 20:01:02.730105,No,No,Yes,Automatic Climate Control,8-inch Display Audio,Yes,Yes,No,No,No,,Yes,Yes
"P518,000",Toyota,Wigo,2023,1.0 G CVT,Hatchback,1,CVT,Gasoline,"8,000 km",5,"Car City Garage and Sell, Roxas Boulevard corner Seaside Drive, Parañaque City, Metro Manila, Philippines",08/16/2024,2024-09-19 20:01:04.968250,No,No,Yes,Automatic Climate Control,8-inch Display Audio,Yes,Yes,No,No,No,,Yes,Yes
"P530,000",Toyota,Wigo,2023,1.0L TRD AT Gasoline,Hatchback,1,Automatic,Gasoline,"8,000 km",,"Car City Garage and Sell, Roxas Boulevard corner Seaside Drive, Parañaque City, Metro Manila, Philippines",08/16/2024,2024-09-19 20:01:05.364532,No,No,No,n/a,n/a,No,No,No,No,No,No,No,No
"P1,135,000",Mitsubishi,Strada,2023,Athlete 2.4L AT Diesel,Pickup Truck,2.4,Automatic,Diesel,"15,000 km",,"Car City Garage and Sell, Roxas Boulevard corner Seaside Drive, Parañaque City, Metro Manila, Philippines",08/16/2024,2024-09-19 20:01:08.164735,No,No,No,n/a,n/a,No,No,No,No,No,No,No,No
"P930,000",Nissan,NV350 Urvan,2021,2.5L MT Diesel,Van,2.5,Manual,Diesel,"33,000 km",,"Car City Garage and Sell, Roxas Boulevard corner Seaside Drive, Parañaque City, Metro Manila, Philippines",08/16/2024,2024-09-19 20:01:10.026641,No,No,No,n/a,n/a,No,No,No,No,No,No,No,No
"P488,000",Toyota,Vios,2022,XLE 1.3L MT Gasoline,Sedan,1.3,Manual,Gasoline,"28,000 km",,"Car City Garage and Sell, Roxas Boulevard corner Seaside Drive, Parañaque City, Metro Manila, Philippines",08/13/2024,2024-09-19 20:01:10.327904,No,No,No,n/a,n/a,No,No,No,No,No,No,No,No
"P758,000",Geely,Coolray,2023,Sport SE 1.5L AT Gasoline,SUV,1.5,Automatic,Gasoline,"22,000 km",,"Car City Garage and Sell, Roxas Boulevard corner Seaside Drive, Parañaque City, Metro Manila, Philippines",08/13/2024,2024-09-19 20:01:10.627327,No,No,No,n/a,n/a,No,No,No,No,No,No,No,No
"P815,000",Toyota,Avanza,2023,1.3 E A/T,MPV,1.3,Automatic,Gasoline,"20,000 km",5,"Car City Garage and Sell, Roxas Boulevard corner Seaside Drive, Parañaque City, Metro Manila, Philippines",08/12/2024,2024-09-19 20:01:11.176911,No,No,No,Digital Control Air Conditioning w/ Rear control and vents,8-inch Audio Display,Yes,Yes,Yes,No,No,,Yes,Yes
"P1,038,000",Toyota,Hiace Commuter,2021,3.0 MT,Van,,Manual,Diesel,"30,000 km",,"Car City Garage and Sell, Roxas Boulevard corner Seaside Drive, Parañaque City, Metro Manila, Philippines",08/12/2024,2024-09-19 20:01:13.382629,No,No,No,n/a,n/a,No,No,No,No,No,No,No,No
"P750,000",Mazda,CX-3,2018,2.0 Skyactiv-G Pro AT,SUV,2,Automatic,Gasoline,"23,508 km",5,"Angeles City, Pampanga, Central Luzon",08/09/2024,2024-09-19 20:01:13.674835,Yes,Yes,Yes,Electronic Automatic Single-Zone Temperature Control,"7-inch Touchscreen LCD, Single-DVD Player, MP3, Aux-in 2-USB ,12V Power Supply Bluetooth BOSE 6-Speakers and Amplifier",Yes,Yes,Yes,No,No,Yes,Yes,No
"P598,000",Toyota,Vios,2023,XLE 1.3L CVT Gasoline,Sedan,1.3,CVT,Gasoline,"6,800 km",,"Car City Garage and Sell, Roxas Boulevard corner Seaside Drive, Parañaque City, Metro Manila, Philippines",08/04/2024,2024-09-19 20:01:14.028784,No,No,No,n/a,n/a,No,No,No,No,No,No,No,No
"P598,000",Toyota,Vios,2023,XLE 1.3L CVT Gasoline,Sedan,1.3,CVT,Gasoline,"12,000 km",,"Car City Garage and Sell, Roxas Boulevard corner Seaside Drive, Parañaque City, Metro Manila, Philippines",08/04/2024,2024-09-19 20:01:15.155407,No,No,No,n/a,n/a,No,No,No,No,No,No,No,No
"P1,198,000",Toyota,Hilux,2020,G 3.0L 4X4 AT Diesel,Pickup Truck,3,Automatic,Diesel,"60,000 km",,"Car City Garage and Sell, Roxas Boulevard corner Seaside Drive, Parañaque City, Metro Manila, Philippines",08/04/2024,2024-09-19 20:01:16.349810,No,No,No,n/a,n/a,No,No,No,No,No,No,No,No
"P1,248,000",Toyota,Fortuner,2018,V 2.4L AT Diesel,SUV,2.4,Automatic,Diesel,"40,000 km",,"Car City Garage and Sell, Roxas Boulevard corner Seaside Drive, Parañaque City, Metro Manila, Philippines",08/04/2024,2024-09-19 20:01:16.704974,No,No,No,n/a,n/a,No,No,No,No,No,No,No,No
"P1,598,000",Toyota,Fortuner,2024,G 2.4L AT Diesel,SUV,2.4,Automatic,Diesel,"20,000 km",,"Car City Garage and Sell, Roxas Boulevard corner Seaside Drive, Parañaque City, Metro Manila, Philippines",08/04/2024,2024-09-19 20:01:17.051184,No,No,No,n/a,n/a,No,No,No,No,No,No,No,No
"P648,000",Toyota,Vios,2024,XLE 1.3L CVT Gasoline,Sedan,1.3,CVT,Gasoline,"9,000 km",,"Car City Garage and Sell, Roxas Boulevard corner Seaside Drive, Parañaque City, Metro Manila, Philippines",08/04/2024,2024-09-19 20:01:18.070617,No,No,No,n/a,n/a,No,No,No,No,No,No,No,No
"P688,000",Geely,Coolray,2022,SE 1.5 Sport AT,Crossover,1.5,Automatic,Gasoline,"30,000 km",5,"Car City Garage and Sell, Roxas Boulevard corner Seaside Drive, Parañaque City, Metro Manila, Philippines",08/04/2024,2024-09-19 20:01:18.369510,No,No,No,n/a,n/a,No,No,No,No,No,No,No,No
"P548,000",Toyota,Yaris,2018,1.3 E CVT,Hatchback,1.3,CVT,Gasoline,"36,000 km",5,"Car City Garage and Sell, Roxas Boulevard corner Seaside Drive, Parañaque City, Metro Manila, Philippines",08/04/2024,2024-09-19 20:01:18.668539,No,No,No,"Manual Cooler, Dial Type Control with Chrome Accent",6.75-inch Display Audio with Apple CarPlay + Android Auto + Smart Device Link,Yes,Yes,Yes,Yes,Yes,,No,Yes
"P520,000",Mitsubishi,Montero Sport GLS-V,2012,2.5L AT Diesel,SUV,2.5,Automatic,Diesel,"72,000 km",,"Car City Garage and Sell, Roxas Boulevard corner Seaside Drive, Parañaque City, Metro Manila, Philippines",08/01/2024,2024-09-19 20:01:19.653795,No,No,No,n/a,n/a,No,No,No,No,No,No,No,No
"P865,000",Toyota,Avanza,2024,1.3L E CVT Gasoline,MPV,1.3,CVT,Gasoline,"8,000 km",,"Car City Garage and Sell, Roxas Boulevard corner Seaside Drive, Parañaque City, Metro Manila, Philippines",07/31/2024,2024-09-19 20:01:20.688601,No,No,No,n/a,n/a,No,No,No,No,No,No,No,No
"P448,000",Hyundai,Accent,2020,1.4 GL AT,Sedan,1.4,Automatic,Gasoline,"25,000 km",4,"Car City Garage and Sell, Roxas Boulevard corner Seaside Drive, Parañaque City, Metro Manila, Philippines",07/30/2024,2024-09-19 20:01:21.636105,No,No,No,Manual Air Conditioning,"USB Connection, CD, AUX And 4 Speakers.",No,No,No,No,No,No,No,No
"P1,358,000",Toyota,Hilux,2022,Conquest V 2.8L AT Diesel,Pickup Truck,2.8,Automatic,Diesel,"15,000 km",,"Car City Garage and Sell, Roxas Boulevard corner Seaside Drive, Parañaque City, Metro Manila, Philippines",07/28/2024,2024-09-19 20:01:22.006465,No,No,No,n/a,n/a,No,No,No,No,No,No,No,No
"P1,518,000",Toyota,Hilux,2024,Conquest V 2.8L AT Diesel,Pickup Truck,2.8,Automatic,Diesel,"1,800 km",,"Car City Garage and Sell, Roxas Boulevard corner Seaside Drive, Parañaque City, Metro Manila, Philippines",07/28/2024,2024-09-19 20:01:22.944543,No,No,No,n/a,n/a,No,No,No,No,No,No,No,No
"P1,458,000",Toyota,Hilux,2021,Conquest V 2.8L 4X4 AT Diesel,Pickup Truck,2.8,Automatic,Diesel,"27,000 km",,"Car City Garage and Sell, Roxas Boulevard corner Seaside Drive, Parañaque City, Metro Manila, Philippines",07/28/2024,2024-09-19 20:01:23.260923,No,No,No,n/a,n/a,No,No,No,No,No,No,No,No
"P1,728,000",Toyota,Hilux,2023,Conquest V 2.8L 4X4 AT Diesel,Pickup Truck,2.8,Automatic,Diesel,"20,000 km",,"Car City Garage and Sell, Roxas Boulevard corner Seaside Drive, Parañaque City, Metro Manila, Philippines",07/28/2024,2024-09-19 20:01:24.666065,No,No,No,n/a,n/a,No,No,No,No,No,No,No,No
"P838,000",Geely,Okavango,2022,Urban Plus 1.5L CVT Gasoline,SUV,1.5,CVT,Gasoline,"22,000 km",,"Car City Garage and Sell, Roxas Boulevard corner Seaside Drive, Parañaque City, Metro Manila, Philippines",07/28/2024,2024-09-19 20:01:25.649749,No,No,No,n/a,n/a,No,No,No,No,No,No,No,No
"P1,428,000",Toyota,Hilux,2022,Conquest V 2.8L 4X4 MT Diesel,Pickup Truck,2.8,Manual,Diesel,"25,000 km",,"Car City Garage and Sell, Roxas Boulevard corner Seaside Drive, Parañaque City, Metro Manila, Philippines",07/28/2024,2024-09-19 20:01:26.850203,No,No,No,n/a,n/a,No,No,No,No,No,No,No,No
"P1,885,000",Toyota,Hilux,2023,GRS 2.8L 4X4 AT Diesel,Pickup Truck,2.8,Automatic,Diesel,"20,000 km",,"Car City Garage and Sell, Roxas Boulevard corner Seaside Drive, Parañaque City, Metro Manila, Philippines",07/28/2024,2024-09-19 20:01:27.150141,No,No,No,n/a,n/a,No,No,No,No,No,No,No,No
"P1,298,000",Toyota,Hilux,2023,2.4L G AT Diesel,Pickup Truck,2.4,Automatic,Diesel,"9,000 km",,"Car City Garage and Sell, Roxas Boulevard corner Seaside Drive, Parañaque City, Metro Manila, Philippines",07/28/2024,2024-09-19 20:01:27.546324,No,No,No,n/a,n/a,No,No,No,No,No,No,No,No
"P1,698,000",Toyota,Fortuner,2022,2.8L Q AT Diesel,SUV,2.8,Automatic,Diesel,"30,000 km",,"Car City Garage and Sell, Roxas Boulevard corner Seaside Drive, Parañaque City, Metro Manila, Philippines",07/28/2024,2024-09-19 20:01:27.850784,No,No,No,n/a,n/a,No,No,No,No,No,No,No,No
"P1,838,000",Toyota,Fortuner,2022,2.8 LTD AT Diesel,SUV,2.8,Automatic,Diesel,"30,000 km",,"Car City Garage and Sell, Roxas Boulevard corner Seaside Drive, Parañaque City, Metro Manila, Philippines",07/28/2024,2024-09-19 20:01:28.139412,No,No,No,n/a,n/a,No,No,No,No,No,No,No,No
"P1,868,000",Toyota,Fortuner,2022,2.8 LTD AT Diesel,SUV,2.8,Automatic,Diesel,"20,000 km",,"Car City Garage and Sell, Roxas Boulevard corner Seaside Drive, Parañaque City, Metro Manila, Philippines",07/28/2024,2024-09-19 20:01:29.189840,No,No,No,n/a,n/a,No,No,No,No,No,No,No,No
"P1,598,000",Toyota,Fortuner,2024,G 2.4L AT Diesel,SUV,2.4,Automatic,Diesel,"20,000 km",,"Car City Garage and Sell, Roxas Boulevard corner Seaside Drive, Parañaque City, Metro Manila, Philippines",07/28/2024,2024-09-19 20:01:29.444220,No,No,No,n/a,n/a,No,No,No,No,No,No,No,No
"P1,268,000",Toyota,Fortuner,2020,G 2.4L AT Diesel,SUV,2.4,Automatic,Diesel,"28,000 km",,"Car City Garage and Sell, Roxas Boulevard corner Seaside Drive, Parañaque City, Metro Manila, Philippines",07/28/2024,2024-09-19 20:01:29.701249,No,No,No,n/a,n/a,No,No,No,No,No,No,No,No
"P1,315,000",Toyota,Fortuner,2019,V 2.4L AT Diesel,SUV,2.4,Automatic,Diesel,"30,000 km",,"Car City Garage and Sell, Roxas Boulevard corner Seaside Drive, Parañaque City, Metro Manila, Philippines",07/28/2024,2024-09-19 20:01:29.949759,No,No,No,n/a,n/a,No,No,No,No,No,No,No,No
"P680,000",Toyota,Fortuner,2013,G 2.5L AT Diesel,SUV,2.5,Automatic,Diesel,"63,000 km",,"Car City Garage and Sell, Roxas Boulevard corner Seaside Drive, Parañaque City, Metro Manila, Philippines",07/28/2024,2024-09-19 20:01:30.244097,No,No,No,n/a,n/a,No,No,No,No,No,No,No,No
"P1,038,000",Toyota,Hiace Commuter,2021,3.0 MT,Van,,Manual,Diesel,"36,000 km",,"Car City Garage and Sell, Roxas Boulevard corner Seaside Drive, Parañaque City, Metro Manila, Philippines",07/26/2024,2024-09-19 20:01:31.012965,No,No,No,n/a,n/a,No,No,No,No,No,No,No,No
